1906 3330
105 177 137 231 84
407 181 599 227 EUTROPII

104 283 181 353 rique
200 296 228 333 se
248 278 337 345 iussit,
363 297 426 333 oum
445 289 505 335 ante
523 298 586 335 eum
604 279 691 335 cuncti
712 279 904 337 salutarenttu:
949 274 951 281 ’

104 361 256 410 ornamenta
270 371 437 426 gemmarum
450 355 569 410 restibus
582 352 817 427 calceamentisque
837 355 907 411 indi-

104 430 152 484 dit.
192 431 260 483 Nam
269 428 344 499 prius
355 428 458 499 imperii
472 429 576 501 insigne
587 429 615 483 in
624 427 765 502 chlamyde
772 446 906 502 paupers·

106 510 285 568 tantumerat3
307 501 579 574 reliquaoommunia.

160 578 229 632 Can.
250 577 361 632 XXVII.
382 577 520 632 Herculius
535 585 635 640 autem,
652 574 788 647 propalam
801 574 908 631 mruset

106 650 221 704 incivilis
232 650 342 724 ingenii,
350 653 515 722 asperitatem
525 669 602 705 suam
612 650 690 704 etiam
700 649 791 705 vultus
800 650 908 705 horrore

106 724 269 798 significans.
309 726 357 779 llic
372 734 480 780 naturae
495 742 559 779 suae
572 723 728 796 indulgens,
748 723 908 779 Diocletiano

107 800 135 853 in
146 799 280 864 omnibus,
292 800 370 854 etiam
380 800 556 855 severioribus
565 797 697 862 consiliis,
707 797 850 853 obsecutus
858 806 906 853 oet.

107 873 175 929 Cum
188 882 275 928 tamen
288 874 484 947 ingravescente
497 890 560 928 aero
569 889 664 945 parum
673 888 702 925 se
714 871 841 927 idoneum
848 873 909 927 llic·

106 948 233 1002 oletianus
246 948 405 1002 moderando
420 948 529 1018 imperio
542 965 599 1001 esse
611 946 733 1010 sentiret,
745 953 837 1001 endor
844 948 909 1001 ilar·

106 1022 176 1076 culio
190 1021 252 1085 luit,
268 1022 339 1076 utin
355 1022 484 1092 privatam
495 1022 577 1075 vitam
587 1019 769 1084 concederent,
784 1020 908 1077 etstatio·

108 1114 168 1149 nem
192 1095 304 1148 tuendae
329 1093 488 1166 reipublicae
513 1095 684 1149 viridioribus
706 1093 909 1165 iunioribusque

107 1167 271 1222 mandarent.
285 1166 317 1243 [e.
329 1187 354 1223 c.
365 1187 390 1223 s.
401 1166 463 1243 att]
484 1168 533 1224 Cui
548 1186 624 1242 aegre
637 1167 735 1240 collega
744 1168 909 1240 obtempera·

108 1244 156 1297 vit.
196 1244 294 1297 Tamen
315 1250 424 1314 uterque
443 1261 496 1298 una
515 1243 558 1298 die
575 1242 677 1314 privata
696 1241 790 1296 habitu
803 1241 908 1314 imperii

109 1317 213 1388 insigne
231 1318 356 1375 mutavit:
378 1317 545 1372 Nicomediae
562 1314 750 1380 Diocletianus,
770 1315 909 1371 Herculius

108 1391 261 1458 Mediolani;
284 1400 341 1463 post
352 1392 518 1463 triumphum
529 1390 670 1455 inclutum,
678 1406 759 1461 quem
769 1391 868 1445 llomae
876 1406 909 1445 ex

108 1467 256 1521 numerosis
265 1467 389 1538 gentibus
400 1473 514 1538 egerant,
526 1482 622 1537 pompa
631 1463 791 1519 ferculorum
800 1463 907 1528 illustri,

108 1558 161 1611 qua
176 1540 267 1594 Narsei
286 1540 411 1611 coniuges
429 1556 584 1609 ecmresque
597 1546 623 1592 et
636 1537 712 1592 liberi
726 1544 787 1592 ante
799 1554 908 1593 warum

108 1613 180 1668 ducti
193 1621 266 1667 sunt.
306 1614 496 1668 concesserunt
509 1620 574 1667 tuno
587 1612 696 1667 Salonas
705 1628 792 1678 imm,
806 1611 872 1667 alter
880 1612 907 1667 in

109 1687 263 1741 Lucaniam.
758 1691 764 1700 “

163 1760 233 1816 Cir.
254 1760 376 1814 XXVIII.
396 1758 572 1814 Diocletianus
581 1758 827 1831 privatusinvilla‚
841 1774 909 1831 quae

109 1833 482 1907 haudprooulaSalonisest‚
499 1833 630 1905 praeclaro
638 1834 692 1888 otio
700 1833 801 1899 senuit;
823 1834 908 1888 inusi-

107 1917 160 1965 tata
175 1910 270 1964 virtute
280 1925 358 1972 usus,
374 1916 404 1962 ut
412 1907 484 1963 solus
494 1908 630 1972 omnium,
644 1906 848 1978 postconditum
858 1908 908 1961 llo·

110 2000 219 2037 menum
236 1983 389 2052 imperium,
405 1999 438 2037 ex
453 1989 523 2037 tanto
533 1981 636 2055 fastigio
649 1989 742 2052 sponte
750 1981 785 2036 ad
795 1982 909 2052 privatae

111 2057 179 2109 vitae
192 2063 289 2109 statum
304 2056 510 2127 civilitatemque
523 2062 657 2109 remearet.
696 2055 812 2129 Contigit
829 2054 909 2129 igitur

108 2130 147 2191 ai,
169 2128 242 2199 quod
255 2128 322 2181 nulli
336 2136 394 2199 post
408 2140 483 2185 natos
498 2130 631 2194 homines,
652 2136 695 2195 ut,
714 2146 776 2184 oum
791 2131 909 2201 privatus

109 2203 215 2266 obisset,
228 2202 293 2255 inter
303 2201 378 2256 divos
390 2211 475 2259 tamen
485 2203 628 2259 referretur.

399 2452 621 2479 ——Qfflv-
