1906 3330
355 593 471 639 nunu
489 593 547 642 vu.
818 588 850 641 63
880 583 891 667 ,ζ

52 698 141 747 amen
149 688 227 744 anuis
237 689 385 746 moderatus
393 693 422 746 iu
432 692 543 763 imperio
551 690 609 755 fuit,
621 708 684 746 mox
694 691 727 746 ad
737 692 852 764 iugentia

53 839 185 904 avaritiae,
191 847 294 892 tautum
305 839 332 894 in
343 858 371 894 se
380 841 436 908 odii!
443 840 590 904 concitavit,
598 848 628 893 ut
637 841 729 894 merita
737 848 762 894 et
770 841 853 910 patris

53 920 78 968 et
95 911 183 966 fratris
196 911 318 968 aboleret.
357 912 486 969 luterseoit
504 913 683 969 nobilissimos
696 932 730 968 ex
743 922 851 969 senatu:

55 987 194 1043 domiuum
210 1004 239 1040 ee
251 995 277 1040 et
290 987 369 1042 deum
382 989 486 1059 primus
499 987 624 1058 appellari
638 989 729 1042 iussit:
750 988 853 1042 nullam

54 1059 172 1116 sibi-uisi
182 1077 289 1115 auream
298 1069 323 1115 et
332 1070 481 1135 argenteam
491 1069 603 1116 statuam
613 1062 641 1114 in
652 1061 778 1132 Capitolio
790 1063 852 1133 poni

54 1151 149 1206 pessus
164 1142 215 1189 est:
235 1136 405 1190 eonsobrinos
419 1152 481 1190 suos
494 1134 632 1189 interfecit:
654 1136 777 1206 superbia
787 1153 854 1207 quo-

55 1226 107 1280 que
121 1208 149 1263 in
162 1225 193 1263 eo
206 1209 373 1263 exsecrabilis
388 1209 448 1264 luit.
486 1209 673 1279 Expeditiones
683 1217 796 1280 quatuor
805 1209 854 1263 ha-

55 1282 127 1338 buit:
156 1298 239 1336 unam
256 1282 397 1337 adversum
416 1282 561 1351 Sarmatas3
587 1282 694 1336 alteram
712 1281 854 1336 adversum

56 1356 159 1423 Cattae3
189 1355 256 1409 duas
280 1356 420 1411 adversum
439 1358 529 1410 Daoos.
568 1357 605 1410 De
626 1357 701 1410 Daois
719 1356 854 1428 Cattisque

56 1429 188 1502 duplioam
201 1429 366 1501 triumphum
376 1433 443 1503 egit:
466 1431 499 1484 de
509 1430 634 1484 Sarmatis
644 1430 726 1484 solam
738 1430 854 1484 lauream

56 1504 204 1576 usurpavit.
242 1503 338 1560 Multas
366 1513 452 1559 tauron
477 1504 635 1559 calamitates
658 1505 753 1559 iisdem
777 1504 854 1559 bellis

56 1596 151 1651 passus
160 1585 208 1632 est.
231 1579 298 1632 Nam
310 1579 337 1632 iu
347 1578 474 1633 Sarmatia
484 1578 552 1652 legio
560 1580 618 1633 eius
627 1596 687 1633 cum
698 1579 765 1633 duee
775 1580 855 1633 inter-

55 1651 129 1718 iecta,
141 1658 167 1706 et
176 1670 189 1707 a
199 1651 275 1707 Dacis
284 1651 387 1724 Oppius
396 1652 510 1707 Sabinus
519 1652 673 1717 eonsularis,
684 1661 709 1706 et
718 1653 855 1707 Cornelius

56 1727 172 1790 Fuscus,
189 1725 332 1798 praefectus
346 1727 485 1798 praetorio,
501 1743 562 1780 cum
578 1728 682 1798 magnis
697 1728 854 1780 exercitibus

23 1804 27 1813 '
56 1800 134 1857 omisi
150 1808 222 1855 sunt.
260 1801 357 1855 Romae
372 1817 478 1873 quoque
492 1800 575 1854 multa
589 1817 666 1870 opera
681 1799 752 1854 leoit:
774 1800 801 1853 in
812 1800 854 1853 his

10 1878 15 1889 “
57 1874 229 1946 Capitolium,
246 1881 271 1928 et
279 1875 377 1929 Forum
388 1874 581 1938 transitorium,
596 1874 711 1939 Odeum,
728 1874 855 1927 Diuorum

57 1949 303 2014 Portious‚1seum,
321 1949 463 2020 Serapeum
476 1948 645 2002 eustadium.
685 1949 783 2003 Verum
793 1965 854 2001 eum

56 2023 91 2080 ob
108 2021 205 2078 seelera
221 2023 353 2079 universis
367 2041 463 2078 exosus
477 2040 533 2077 esse
547 2023 685 2094 coepisset,
706 2020 856 2076 interiectus

57 2105 96 2153 est
109 2114 219 2153 suorum
233 2097 410 2152 coniuratione
425 2098 453 2152 in
462 2097 571 2168 palatio,
590 2114 659 2152 anno
673 2096 762 2151 aetatis
772 2097 854 2161 XLV,

58 2171 162 2244 imperii
177 2170 395 2242 quintodecimo.
412 2169 445 2246 [r.
461 2190 485 2226 c.
500 2191 525 2225 n.
541 2169 588 2245 tu]
617 2173 710 2225 Funus
724 2171 781 2224 eius
794 2187 856 2223 eum

58 2246 158 2320 ingenti
169 2244 291 2300 dedecore
300 2263 346 2317 per
357 2245 514 2316 vespillones
524 2254 701 2317 exportatum,
718 2251 743 2298 et
753 2244 856 2316 ignobi-

58 2319 116 2376 liter
125 2327 164 2375 est
172 2318 315 2391 sepultum.

344 2513 567 2539 -ψ--ι

185 2709 380 2765 LIBER
428 2704 728 2766 OCTAVUS.

376 2836 551 2846 ——n

376 2847 551 2857 -.---ι

102 2900 173 2970 elau.
190 2926 257 2970 Cn.
268 2932 288 2972 1.
302 2927 392 2971 Nervae
402 2927 505 2982 nequitae
514 2931 538 2969 et
547 2925 654 2968 civilitas.
684 2929 734 2966 2—
744 2928 764 2966 5.
776 2923 857 2965 Traia·

60 3012 103 3042 uns
113 2998 241 3055 praeclari·
250 2999 371 3043 virtutibus
382 3003 474 3042 ornatus
484 3001 541 3041 fines
550 2997 645 3040 Romani
656 2994 859 3051 imperiteubactts'
876 3048 883 3059 ῃ

60 3070 190 3124 regionibus
204 3070 340 3128 populisque
355 3069 471 3128 pluribus,
490 3068 556 3123 lange
570 3068 660 3122 lateque
676 3068 773 3124 profert.
802 3068 822 3109 6.
836 3067 858 3107 't-
903 3117 905 3122 ,
