1906 3330
367 593 483 638 LIBER
505 593 551 640 VI.
825 594 857 645 43

113 689 183 746 Car.
204 691 225 743 l.
245 679 341 745 Maroo
350 688 462 745 Aemilio
472 690 583 762 lapido,
596 691 629 758 Q.
641 692 733 749 Catulo
742 696 859 749 consuli«

55 764 124 828 bus,
142 761 178 838 [a.
189 783 214 818 n.
227 762 288 838 tii]
303 781 364 818 oum
374 765 447 819 Sulla
457 763 648 837 rempublicam
659 771 856 839 composuisset,

57 836 127 892 bella
145 854 214 892 nova
231 847 397 893 exarserunt:
422 856 508 893 unum
529 839 556 893 in
577 841 716 910 Hispania;
738 842 811 895 aliud
831 843 858 897 in

58 911 215 984 Pamphylia
229 919 254 965 et
267 911 372 980 Cilicia3
393 914 499 967 tertium
509 914 537 968 in
547 915 711 982 Macedonia3
733 924 857 987 quartum

58 985 87 1040 iu
105 984 242 1039 Dalmatia.
281 987 349 1040 Nam
368 986 549 1050 Saaromus,
570 989 619 1059 qui
634 991 749 1059 partium
763 990 859 1044 Maria-

58 1076 155 1113 narum
169 1057 264 1124 luerat,
281 1060 377 1114 timens
392 1059 524 1115 fortunam
539 1070 696 1127 ceterorum,
713 1064 760 1135 qui
779 1063 860 1117 inter·

59 1133 122 1188 emti
146 1140 232 1198 erant,
257 1133 291 1186 ad
310 1133 411 1188 bollum
430 1134 572 1191 commovit
593 1136 744 1206 Hispanias.
783 1138 858 1192 Missi

58 1215 122 1261 sunt
130 1214 219 1260 oontra
228 1223 290 1261 eum
299 1207 380 1261 duces
390 1207 422 1274 Q.
434 1207 562 1262 Caecilius
572 1208 700 1273 Metellus,
708 1210 780 1263 iilius
790 1211 856 1275 aius,

59 1281 107 1352 qui
125 1281 280 1353 Iugurtham
299 1298 386 1353 regem
401 1282 478 1346 vicit,
499 1289 524 1335 at
537 1283 568 1335 L.
584 1283 726 1348 Domitius,
746 1292 857 1353 praetor.

59 1355 82 1409 Α
100 1353 206 1408 Sertorii
224 1353 291 1408 duoe
309 1353 435 1409 Hirtuleio
454 1355 583 1409 Domitius
603 1356 718 1411 occisus:
739 1356 859 1411 Metellus

59 1427 132 1482 vario
142 1444 263 1482 successu
272 1437 360 1483 contra
372 1429 515 1483 Sertorium
525 1429 670 1484 dimicavit.
697 1431 787 1485 Postea
797 1448 859 1486 oum

59 1502 145 1574 impar
158 1519 262 1575 pugnae
276 1501 349 1556 solus
364 1503 483 1557 Metellus
492 1510 639 1574 putaretur,
656 1504 706 1558 Cn.
716 1506 858 1577 Pompeius

60 1575 94 1630 ad
106 1575 247 1646 Hispanias
260 1577 359 1630 missus
368 1585 417 1630 ast.
457 1578 494 1631 lta
504 1577 609 1632 duobus
618 1578 731 1632 ducibus
742 1579 860 1633 adversis

60 1649 188 1704 Sertorius
198 1648 301 1705 fortuna
311 1652 383 1706 varia
395 1668 472 1721 saepe
481 1651 620 1724 pugnavit.
645 1651 742 1706 Octavo
750 1652 858 1707 demum

60 1740 130 1778 anno
145 1721 180 1798 [n.
190 1742 216 1779 o.
228 1721 289 1810 aaa]
304 1725 385 1779 asnis
394 1725 496 1778 occisus
506 1733 552 1792 est,
564 1732 589 1778 et
600 1725 661 1778 linis
671 1726 693 1778 ei
704 1724 773 1779 bello
783 1726 859 1780 datus

59 1815 106 1870 per
119 1796 169 1852 Cn.
183 1798 337 1868 Pompeium
348 1797 535 1852 adolescentem
545 1805 569 1850 et
579 1797 611 1864 Q.
622 1798 755 1852 Metallum
766 1800 857 1865 Pium3

59 1872 470 2003 pgyptpynpsstpropallispaniae
480 1873 507 1927 in
517 1870 642 1927 ditionem
651 1871 858 1943 populiRomani

114 2064 184 2120 Cra.
204 2065 237 2118 11.
257 2064 299 2119 ild
313 2063 491 2120 Macedoniam
506 2064 604 2118 missus
617 2072 656 2118 est
668 2062 771 2135 Appius
781 2061 860 2118 Clau-

59 2138 132 2194 dius.
146 2136 182 2213 [a.
198 2157 224 2194 o.
238 2136 300 2213 ott]
321 2140 381 2193 Post
394 2139 560 2193 consulatum
574 2137 641 2192 levia
656 2138 753 2208 proelia
767 2138 860 2193 habuit

59 2219 150 2268 contra
164 2213 249 2267 varias
261 2220 361 2286 gentes,
374 2230 442 2284 quae
452 2212 604 2283 Rhodopam
615 2213 778 2283 provinciam
789 2213 861 2266 inoo-

60 2286 157 2352 labant,
168 2294 247 2359 atqua
256 2287 294 2342 ibi
305 2287 396 2341 morbo
406 2296 525 2341 mortuus
536 2295 583 2340 est.
596 2284 631 2360 [a.
643 2305 670 2341 o.
682 2283 743 2358 677]
762 2286 861 2339 Missus

59 2361 233 2416 eisuooassor
247 2361 278 2416 C.
293 2360 447 2415 Scribonius
461 2360 541 2415 Curio
552 2359 795 2430 postconsulatum.
836 2361 861 2413 ls

59 2434 193 2490 Dardanos
217 2434 293 2499 vicit,
318 2443 343 2489 at
364 2452 450 2506 usqua
470 2433 505 2487 ad
525 2433 678 2487 Danubium
699 2433 858 2503 penetravit;

59 2509 280 2580 triumphumque
292 2509 402 2573 meruit,
417 2516 442 2562 et
456 2508 523 2562 intra
538 2506 682 2561 triennium
697 2508 777 2561 finem
792 2506 861 2562 bello

61 2580 141 2636 dedit.
153 2580 189 2657 [n.
200 2601 226 2638 o.
238 2579 299 2656 681]

115 2689 184 2744 Car.
205 2690 249 2743 lll.
268 2688 309 2744 nd
324 2688 443 2744 Ciliciam
462 2696 487 2743 ct
500 2688 686 2761 Pamphyliam
705 2689 804 2742 missus
822 2693 862 2740 est

61 2762 90 2817 P.
105 2762 234 2817 Servilius
252 2779 285 2817 ex
304 2762 425 2827 consule,
444 2764 486 2818 vir
500 2772 633 2816 strenuus.
649 2761 684 2837 [a.
700 2781 725 2816 o.
742 2758 803 2833 ott]
836 2761 861 2812 ls

61 2835 179 2892 Ciliciam
194 2837 311 2910 subegit,
327 2837 423 2910 Lyciae
437 2838 516 2891 urbas
529 2836 688 2890 clarissimas
697 2833 862 2906 oppugnavit

61 2918 86 2964 et
96 2912 177 2982 oepit,
195 2910 222 2964 in
232 2910 275 2964 his
286 2910 462 2975 Phaselidem,
476 2910 635 2984 Olympum,
656 2909 786 2981 Corycum
798 2906 862 2961 Cili-

62 2983 124 3039 ciae.
159 2986 263 3038 Isauros
273 3002 379 3056 quoque
389 3002 530 3059 aggressus
540 2983 573 3039 ad
584 2983 741 3037 deditionem
752 2981 860 3053 redegit,

62 3065 140 3132 anysio
166 3057 235 3114 intra
262 3059 406 3114 triennium
434 3056 504 3113 bello
530 3058 609 3112 finem
636 3056 717 3111 dedit.
757 3056 864 3110 Primus
