1906 3330
106 158 138 212 82
408 164 602 210 EUTROPII

160 262 230 317 Cir.
256 262 344 317 XXII.
370 261 460 337 (XIV.)
489 265 527 318 lta
545 279 608 317 oum
625 278 672 334 per
692 279 800 318 ornnem
817 264 907 321 orbem

104 344 234 391 terrarum
256 355 297 391 res
316 338 434 392 turbatae
448 345 547 402 essent,
568 335 710 392 carausius
725 337 753 391 in
766 338 909 395 Britanniis

105 410 255 476 rebellaret,
267 411 401 465 Achilleus
412 412 440 466 in
449 412 582 485 Aegypto,
594 410 710 465 Africam
719 410 910 487 Quinquegen-

105 486 170 539 tiani
187 484 350 549 infestarent,
368 487 483 540 Narseus
492 485 593 540 Orienti
603 484 705 540 bellum
715 484 836 552 inferret,
850 486 911 543 uio-

106 558 233 613 cletianus
253 560 455 615 Maximinus
475 561 654 615 Herennius
674 577 708 614 ex
722 559 834 615 Caesare
851 558 911 617 ierat

106 634 272 705 Augustum,
291 631 323 707 [r.
335 651 359 688 o.
371 653 396 687 n.
407 631 469 707 tau]
484 634 666 688 Constantium
681 641 707 691 et
716 634 910 691 Maximianum

107 707 242 762 Caesares:
264 725 378 778 quorum
389 708 557 763 Constantius
567 725 613 778 per
623 707 705 761 liliam
716 724 797 779 nepos
806 707 910 764 Claudii

106 780 232 836 traditur:
255 782 432 836 Maximianus
447 781 568 836 Galerius
583 782 610 836 in
626 781 702 836 Dacia
717 781 791 836 haud
806 782 911 857 longe!

106 855 212 911 Sardiea
222 865 309 911 natus.
324 856 410 928 Atque
419 864 500 911 uteos
509 861 588 910 etiam
596 855 721 911 affinitate
729 856 909 943 coniungeret,

107 931 277 986 Constantius
286 930 438 1002 privignam
449 930 563 984 Herculii
574 929 736 984 Theodoram
750 940 863 1002 accepit,
878 948 911 987 ex

107 1022 160 1077 qua
170 1013 258 1075 postea
269 1021 316 1058 sex
326 1002 431 1067 liberos,
443 1004 607 1059 Constantini
617 1004 717 1069 fratres,
728 1004 838 1061 habuit:
859 1002 912 1061 Ga·

107 1078 188 1132 lerius
204 1077 287 1131 filiam
297 1076 448 1131 Diocletiani
461 1076 605 1133 Valeriam:
627 1078 705 1132 ambo
718 1095 830 1145 uxores,
844 1096 911 1152 quas

106 1152 264 1214 habuerant,
275 1149 414 1222 repudiare
423 1153 563 1223 compulsi.
594 1152 662 1207 Cum
673 1151 800 1207 Carausio
813 1160 909 1219 tamen,

108 1243 170 1281 cum
184 1225 253 1279 bella
263 1224 358 1279 trustra
369 1232 463 1281 tentata
473 1234 559 1281 essent
568 1234 657 1281 contra
668 1227 757 1280 virum
767 1225 805 1281 rei
815 1226 912 1283 milita-

107 1300 144 1354 ris
159 1299 364 1371 peritissimum,
379 1300 412 1355 ad
421 1309 583 1372 postremum
594 1318 647 1372 pax
656 1301 789 1355 convenit.
804 1298 838 1377 [a.
849 1318 875 1357 c.
885 1320 910 1356 ι.

107 1374 169 1451 tta]
189 1376 259 1429 Eum
277 1383 335 1446 post
347 1376 515 1446 septennium
530 1373 563 1451 [a.
576 1392 600 1430 c.
612 1394 638 1429 a.
649 1371 711 1448 tut]
726 1373 856 1441 Allectus,
870 1392 912 1431 so-

108 1451 165 1504 cius
175 1453 246 1514 cius,
259 1449 366 1513 occidit,
380 1456 458 1521 atque
469 1450 525 1520 ipse
534 1456 664 1521 posteum
673 1448 823 1504 Britannias
832 1450 912 1505 trien-

107 1525 153 1579 nio
167 1525 264 1579 tenuit:
286 1525 334 1595 qui
349 1523 430 1577 ductu
440 1522 628 1595 Asclepiodoti,
642 1521 909 1594 praefectipraetorio,

107 1606 147 1653 est
159 1614 310 1669 oppressus.
326 1595 358 1672 [r.
370 1614 395 1651 c.
407 1616 432 1651 u.
444 1594 506 1671 296]
526 1598 564 1651 lta
573 1597 722 1652 Britanniae
731 1596 835 1654 decimu
843 1612 912 1654 annu

109 1690 166 1726 rece
185 1681 235 1725 tae.

164 1690 233 1800 Clio.
249 1745 349 1799 XXlIl.
367 1744 445 1819 (XV.)
465 1747 513 1800 Per
524 1745 594 1801 idem
605 1745 913 1818 tempusaConstantino

109 1821 218 1879 Caesare
232 1820 258 1874 in
274 1819 358 1875 Gallia
374 1828 523 1895 pugnatum
540 1829 580 1876 est
594 1822 662 1875 circa
675 1821 821 1894 Lingonas.
842 1818 875 1896 [a.
886 1838 911 1876 c.

110 1912 134 1948 n.
146 1893 207 1969 tto]
222 1895 269 1949 Die
280 1912 332 1950 una
343 1896 481 1951 adversam
490 1904 515 1951 et
523 1896 667 1951 secundam
677 1895 811 1950 fortunam
820 1912 913 1967 expar-

109 1976 153 2023 tus
170 1978 218 2023 est.
257 1971 326 2023 Nam
345 1987 421 2037 cum,
447 1978 552 2042 repente
570 1970 690 2026 barbaris
714 1970 910 2043 ingruentibus,

109 2042 177 2096 intra
190 2043 321 2097 civitatem
332 2053 399 2099 esset
408 2053 525 2110 coactus,
542 2052 596 2099 tam
606 2044 741 2115 praecipiti
752 2044 911 2108 necessitate,

108 2123 140 2169 ut
165 2115 261 2169 clausis
281 2120 362 2188 portis
385 2120 413 2173 in
432 2137 542 2174 murum
561 2118 672 2174 funibus
690 2117 837 2187 tolleman
867 2118 914 2175 vix

110 2190 232 2261 quinque
249 2190 321 2243 horis
336 2192 443 2257 mediis,
460 2193 616 2249 adventante
630 2193 758 2257 exercitu,
777 2192 914 2267 sexaginta

109 2262 163 2318 iere
173 2262 257 2318 millia
267 2263 475 2322 Alamannorum
484 2268 587 2323 cecidit.
618 2267 915 2353 lllaximianusquoque

110 2338 249 2411 Augustus
267 2336 368 2392 bellum
382 2340 409 2395 in
424 2340 511 2398 Africa
525 2341 687 2415 profligavit,
708 2341 815 2397 domitis
830 2342 915 2409 Quin·

110 2412 309 2487 quegentianis,
325 2423 350 2467 et
364 2415 397 2469 ad
409 2432 500 2487 pacem
514 2416 634 2471 redactis.
651 2413 684 2501 [r.
696 2434 720 2471 c.
732 2434 758 2471 s.
769 2412 832 2491 tut]
855 2414 915 2471 llio-

111 2489 240 2543 cletianus
254 2494 392 2543 obsessum
406 2490 581 2546 Alexandriae
593 2490 744 2545 Achilleum
758 2496 851 2545 octavo
864 2487 916 2545 iere

111 2580 203 2618 mense
219 2564 366 2635 superavit,
387 2582 503 2636 eumque
522 2562 658 2619 interiecit.
698 2563 811 2619 Victoria
824 2562 916 2619 acerba

112 2654 179 2692 usus
196 2647 248 2708 ost,
271 2646 349 2694 totam
365 2639 515 2715 Aegyptum
534 2638 662 2712 gravibus
679 2638 916 2711 proscriptionibus
