1906 3330
361 518 475 563 LIBER
494 519 550 564 VII.
821 516 849 566 ot

57 614 200 688 sepultura.
213 612 245 689 [r.
256 633 312 671 en.
320 614 366 690 ts]
381 617 460 671 Periit
469 627 555 671 nartem
566 617 654 671 arctatis
665 634 734 671 anno
744 618 854 689 septimo

57 700 80 746 et
88 692 319 762 quinquagesimo,
333 692 436 761 imperii
447 709 537 745 mense
546 693 604 747 VIII
614 699 638 746 et
647 691 691 745 dle
701 709 763 745 uno.

110 765 180 820 Car.
201 764 276 817 XIX.
297 764 388 836 (XIII.)
411 766 619 821 Vesrasmnus
637 766 699 819 huic
717 767 851 832 successit,

57 838 139 893 lactus
154 837 226 907 apud
241 838 412 891 Palaestmam
432 839 584 910 imperator;
605 841 726 910 princeps
744 839 854 894 obscure

57 912 165 984 quidem
179 919 269 975 natus,
288 909 320 984 [s.
331 930 357 965 c.
367 930 393 966 n.
405 911 454 986 Ie]
469 913 515 966 sed
530 915 637 984 optimis
646 913 851 985 comparandus,

56 991 158 1057 priuata
172 986 225 1039 vita
239 984 364 1049 Illustris,
380 987 471 1057 utqui
485 1004 500 1040 a
514 987 624 1041 Claudio
634 989 661 1041 in
673 989 852 1054 Germaniam,

57 1133 210 1197 conflixerit,
222 1132 288 1186 duas
299 1133 476 1187 validissimas
488 1139 587 1206 gentes,
600 1135 653 1188 XX
662 1136 767 1204 oppida,
780 1137 855 1190 insu-

57 1208 110 1262 lam
125 1208 245 1270 Vectem,
265 1207 415 1261 Britanniae
430 1208 591 1278 proximam,
614 1209 724 1279 Imperio
736 1210 854 1263 Romano

57 1280 188 1337 adiecerit.
226 1282 323 1335 Romae
336 1299 365 1335 se
379 1282 407 1337 in
418 1281 528 1352 imperio
541 1282 747 1337 moderatissIme
759 1283 853 1356 gessit:

58 1355 183 1427 [seuniae
201 1362 304 1409 tantum
317 1356 419 1410 avidior
433 1355 496 1419 luit,
512 1357 547 1410 ita
562 1365 591 1410 ut
605 1374 662 1411 eam
677 1354 744 1411 nulli
759 1357 855 1411 iniuste

58 1429 183 1497 aulemet;
204 1446 287 1500 quam
300 1445 361 1484 cum
375 1431 448 1484 omni
462 1430 613 1503 diligentiae
624 1431 773 1502 provisione
783 1431 856 1486 oolli-

57 1511 142 1577 geret,
153 1511 239 1558 umen
252 1503 444 1558 studiosissime
454 1503 626 1578 largiebatur,
639 1507 776 1578 praecipue
786 1505 857 1560 indi-

57 1578 192 1652 gentibus.
231 1578 285 1632 Nec
302 1577 378 1632 facile
395 1586 454 1632 ante
472 1596 534 1632 eum
552 1578 710 1650 cuiusquam
728 1580 856 1652 principis

60 1651 100 1707 vel
116 1651 199 1706 maior
212 1659 251 1705 est
264 1651 404 1707 liberalitas
418 1661 562 1723 comperta,
578 1652 618 1706 vel
633 1654 735 1707 iustior.
774 1654 858 1707 Placi-

58 1725 185 1780 dissimae
198 1723 324 1790 lenitatis,
341 1726 431 1798 utqui
446 1727 588 1780 maiestatis
602 1743 709 1798 quoque
723 1735 810 1780 contra
829 1743 858 1779 se

59 1817 117 1854 reos
130 1816 183 1855 non
195 1797 270 1854 facile
285 1800 390 1871 puniret
404 1800 471 1855 ultra
486 1801 573 1855 exsilii
583 1817 704 1872 poenam.
743 1800 800 1854 Sub
809 1799 858 1853 hoo

59 1874 154 1929 Iudaea
166 1875 281 1928 Romano
293 1877 401 1928 accessit
410 1874 532 1946 imperIo;
554 1885 579 1928 et
588 1874 775 1948 Hierosolyma,
791 1891 859 1946 quae

59 1947 110 2004 fuit
119 1948 185 2002 urbs
193 1947 357 2002 nobilissima
368 1948 579 2077 Palaestinaegr.
591 1967 615 2003 o.
626 1969 651 2002 n.
662 1948 709 2022 tu]
721 1949 856 2012 Achaiam,

60 2022 184 2096 LycIam,
200 2022 337 2086 Rhodum,
352 2023 522 2096 Byzantium,
558 2040 662 2086 amum,
678 2040 747 2094 quae
763 2022 859 2077 liberae

60 2104 120 2150 ante
140 2095 190 2150 hoc
209 2103 311 2168 tempus
331 2094 447 2151 fuerant:
474 2097 536 2151 item
556 2097 707 2160 Thraciam,
728 2096 856 2159 Ciliciam,

61 2171 264 2245 Commagenen,
275 2188 344 2241 quae
352 2171 404 2224 sub
416 2172 523 2244 regibus
534 2172 625 2225 amicis
635 2178 748 2243 egerant,
761 2170 788 2223 in
799 2187 860 2240 pro-

61 2244 210 2298 vmciarum
219 2243 329 2299 lormam
341 2245 449 2317 redegit.

116 2317 184 2374 Car.
206 2319 269 2372 XX.
289 2317 454 2373 Offensarum
470 2327 495 2373 et
510 2319 707 2372 inimicitiarum
721 2317 860 2370 immemor

61 2390 125 2446 tuit:
146 2390 264 2446 convicia
283 2410 297 2446 a
316 2392 456 2447 causidIcis
474 2402 500 2447 et
517 2392 680 2464 pbilosophis
698 2392 723 2445 in
739 2408 767 2445 sa
780 2391 857 2455 dicta,

63 2465 154 2520 leniter
169 2465 242 2519 tulit:
264 2465 377 2538 diligens
394 2475 481 2521 tamen
494 2469 616 2521 coercitor
625 2465 780 2536 disciplinae
789 2464 861 2518 mili-

62 2539 135 2594 teris.
174 2540 222 2594 llio
235 2557 297 2594 cum
308 2541 365 2594 Tito
375 2541 429 2596 fili0
437 2541 470 2596 de
480 2541 666 2614 Hierosolymis
677 2539 860 2610 triumphavit.

62 2614 111 2668 Per
124 2613 189 2668 haec
199 2631 261 2668 cum
271 2615 371 2669 senatui
383 2622 407 2668 et
415 2614 526 2686 populo,
541 2623 671 2686 postremo
679 2614 780 2669 cunctis
789 2629 862 2666 ama-

63 2687 126 2741 bilis
140 2705 171 2742 ao
184 2688 316 2742 iucundus
329 2696 409 2754 esset,
423 2687 553 2759 profluvio
561 2689 660 2743 ventris
670 2688 814 2743 exstinctus
824 2693 863 2739 est

64 2761 92 2816 in
114 2761 177 2816 villa
196 2762 314 2833 propria,
336 2763 403 2830 circa
417 2763 541 2827 Sabinos,
563 2780 663 2818 annum
679 2761 768 2816 aetatis
782 2776 862 2833 agens

63 2836 259 2908 sexagesimum
280 2853 394 2900 nonum,
411 2836 513 2907 imperii
533 2854 634 2892 nonum
651 2844 676 2889 et
694 2836 765 2890 diem
783 2834 863 2904 septi—

64 2927 154 2964 mum:
176 2918 255 2982 atquc
268 2911 334 2965 Inter
348 2909 424 2966 divos
437 2910 533 2965 relatus
542 2918 591 2966 est.
631 2909 784 2964 Genituram
797 2908 864 2962 filio-

64 3001 126 3039 rum
141 2985 176 3038 ita
190 2984 321 3058 cognitam
335 2985 441 3051 habuit,
458 2991 500 3053 ut,
516 3002 578 3041 oum
590 2983 689 3039 multas
700 2991 788 3039 eontra
802 2999 865 3036 eum
