1906 3330
85 490 121 545 62
388 488 581 537 EUTROPII

84 593 275 649 coniurationes
289 591 388 655 fierent,
399 607 466 661 quas
475 586 614 660 patefactas
623 586 725 661 ingenti
733 584 895 655 diminute,

85 669 154 723 tione
163 666 313 730 contemsit,
328 666 357 719 in
366 672 458 719 senatu
467 663 577 728 dixerit,
589 670 638 717 aut
645 666 715 732 pltea
723 666 776 718 aiat
784 674 895 719 taem·

84 760 168 805 aurea,
179 750 226 796 aut
234 745 367 795 nominata.

140 816 207 870 Cea.
234 814 310 867 XXI.
335 810 435 885 (XIV.)
461 811 530 865 Huic
549 810 640 865 Taras
658 807 732 864 filius
750 808 879 873 eunoaaeit,

87 888 124 965 [a.
139 906 164 943 c.
179 907 205 941 a.
220 884 272 961 ta]
293 887 341 958 qui
359 894 385 940 et
403 887 460 957 ipse
472 884 648 956 Vespasianus
667 891 707 938 est
723 883 826 953 dietum
845 880 882 939 vir

86 962 207 1018 omnium
225 961 352 1016 virtutum
372 976 467 1033 genere
484 958 614 1013 mirabilis
631 957 708 1023 adeo,
729 965 761 1012 ut
776 962 883 1012 amori

87 1041 196 1091 deliciae
204 1039 311 1090 humant
319 1040 420 1104 penaria
429 1034 566 1087 diceretur.
592 1028 883 1096 Facundissimus,bel·

87 1110 275 1175 licosissimus,
288 1109 527 1163 moderatissimus:
548 1104 807 1178 oaueaelatineegit;
827 1118 883 1190 poe·

87 1193 157 1240 mata
168 1193 192 1238 et
201 1183 346 1256 tragoedias
355 1199 446 1256 graece
457 1180 614 1252 composuit.
652 1181 683 1233 In
693 1186 884 1252 oppugnatione
907 1200 910 1205 ·

87 1259 338 1332 Hierosolymorum,
349 1257 401 1310 sub
412 1263 484 1327 patre
494 1255 611 1309 militans
621 1253 672 1307 ΧΠ
681 1260 884 1326 propugnatores
906 1296 910 1303 .

88 1334 140 1387 XII
149 1333 304 1404 sagittarum
314 1330 410 1384 ictibus
418 1329 537 1383 confixit.
576 1326 905 1399 Romaetantaecivilita·¹

88 1407 123 1461 tis
138 1407 164 1459 in
180 1405 290 1475 imperio
303 1402 366 1468 fuit,
387 1411 418 1457 ut
434 1402 539 1457 nullum
559 1403 668 1456 omnino
687 1402 807 1473 puniret:
827 1416 886 1459 mn·

88 1481 171 1534 victos
185 1478 326 1532 adversum
340 1494 397 1532 sese
410 1477 597 1531 coniurationis
610 1476 646 1530 ita
659 1475 803 1540 dimiserit,
817 1473 885 1529 utin

89 1553 180 1608 eadem
193 1550 381 1616 familiaritate,
400 1569 454 1623 qua
468 1558 557 1616 antea,
576 1550 707 1605 habuerit.
745 1546 886 1605 Facilitatie

89 1634 114 1682 et
124 1627 285 1681 liberalitatis
298 1625 448 1691 tantaeluit,
456 1633 563 1690 ut,cum
573 1624 641 1678 nulli
650 1622 801 1695 quidquam
810 1638 886 1697 nega·

89 1710 141 1767 ret,
156 1709 180 1755 et
193 1702 226 1756 ab
241 1701 333 1755 amicis
347 1700 590 1771 reprehenderetur,
602 1697 777 1769 responderit,
788 1700 887 1751 audant

91 1781 189 1831 tristem
203 1780 293 1830 debere
305 1778 339 1829 ab
348 1781 503 1842 imperatore
511 1777 655 1841 discedam
674 1778 818 1843 praeterea,
828 1784 886 1827 elem

90 1851 206 1921 quodam
216 1849 259 1903 die
270 1851 297 1902 iu
307 1865 385 1902 coena
396 1847 544 1901 recordatus
553 1845 659 1911 fuisset,
675 1844 743 1901 nihil
753 1862 783 1899 se
791 1844 840 1899 illo
848 1844 887 1899 die

90 1921 507 1994 cuiquampraestitissedixerit:
526 1922 886 1988 amici,ltodiedtemperdtda

90 1998 239 2051 HioRomae
249 1995 469 2065 amphitheatrum
479 1995 667 2061 aedificante
676 1994 797 2066 quinque
806 1990 887 2047 millia

91 2068 204 2123 ferarum
218 2069 244 2122 in
255 2068 415 2122 dedicatione
425 2069 481 2123 eius
490 2068 594 2123 occidit.

146 2142 214 2197 Cae.
244 2143 332 2197 xxa.
362 2144 410 2197 Per
432 2143 495 2197 haec
517 2145 641 2197 inusitato
662 2141 750 2197 lavore
768 2140 886 2205 ditonus.

91 2218 183 2273 morbo
197 2217 274 2288 periit
288 2217 314 2271 in
328 2234 371 2282 ea,
387 2235 440 2288 qua
456 2226 540 2288 pater,
558 2217 635 2281 ville,
653 2214 685 2290 [a.
696 2233 722 2270 c.
732 2234 759 2269 a.
771 2212 820 2289 81.]
833 2220 888 2287 post
912 2282 915 2287 Ι

91 2291 243 2355 biennium,
256 2309 358 2345 menses
368 2300 437 2357 octo,
449 2291 506 2345 dies
517 2292 579 2357 XX,
591 2308 673 2361 quam
686 2290 829 2360 imperator
837 2296 888 2343 erat

91 2365 188 2430 iactus,
210 2366 298 2419 aetatis
320 2383 389 2420 anno
407 2366 487 2420 altero
501 2373 526 2419 et
540 2365 751 2437 quadragesimo.
791 2364 889 2419 Tantut

92 2437 178 2492 luctus
192 2456 222 2493 eo
237 2449 339 2494 mortuo
352 2440 476 2510 publicus
491 2439 552 2503 luit,
569 2447 598 2493 ut
611 2456 703 2493 omnes
718 2447 847 2510 tanquam
863 2437 888 2491 in

91 2514 196 2584 propria
206 2513 337 2568 doluerint
345 2515 462 2569 orbitate.
502 2514 622 2578 Senatus,
643 2513 717 2567 obitu
728 2513 814 2583 ipsius
824 2512 889 2567 circa

92 2604 228 2657 vesperam
241 2589 373 2653 nuntiato,
389 2597 462 2643 nocte
471 2588 566 2657 irrupit
577 2590 603 2641 in
612 2588 726 2647 curiam,
738 2594 764 2640 et
774 2584 890 2642 mansei

93 2671 196 2716 mortuo
210 2662 300 2717 laudes
314 2663 465 2735 gratiasque
479 2661 623 2734 congessit,
639 2668 753 2732 quantas
768 2678 816 2715 neo
831 2661 890 2715 vivo

92 2753 213 2807 unquam
223 2744 318 2808 egerat,
329 2753 377 2790 nec
387 2736 525 2806 praesenti.
564 2737 633 2790 Inter
642 2736 718 2790 divos
731 2734 831 2790 relatus
842 2740 889 2789 eet.

148 2811 217 2865 Car.
238 2811 337 2864 XXlll.
358 2810 437 2883 (XV.)
455 2811 642 2866 Dourrraane
661 2809 891 2881 moxaeeepitim·

92 2883 206 3010 perium,
217 2883 294 2937 irater
304 2883 388 2953 ipsius
398 2883 498 2937 iunior:
520 2883 625 2947 Neroni,
637 2891 682 2938 aut
691 2882 837 2956 Caligulae,
848 2888 892 2937 aut

109 2956 198 3011 'iberio
216 2957 341 3022 similior,
357 2974 438 3029 quam
451 2958 533 3030 patri,
556 2957 595 3013 vel
611 2956 683 3013 lratri
697 2974 757 3013 suo.
797 2956 891 3013 Primis
