1906 3330
85 147 117 200 Hi
133 155 135 158 ’
387 150 577 196 EUTROPII

85 271 115 307 eo
129 253 179 308 ΧΗ
188 251 285 316 millia,
302 249 368 320 eapti
378 249 450 304 mille
459 249 611 323 quingenti,
627 250 804 304 etaRomanis

85 327 283 381 diniasuhacta.
315 322 430 380 Manlius
440 325 521 379 victor
530 325 645 395 captivos
655 332 679 378 et
688 324 804 378 Hasdrub

86 403 195 457 Romam
210 399 357 471 reportavit.
397 400 494 453 Interea
505 400 582 453 etiam
593 398 753 470 Philippusa
764 399 804 453 Lai

87 476 112 528 in
135 474 283 530 Macedonia
302 473 429 538 vincitur,
449 481 474 528 et
492 473 519 528 in
536 473 660 544 Hispania
678 491 692 526 a
711 472 804 544 Scipior

87 548 231 603 Hasdrubal
241 556 266 603 et
276 550 359 621 Mago.
372 548 462 602 tertius
472 547 549 602 lrater
557 546 720 602 Hannibalis.

140 623 209 679 Cas.
229 624 300 678 XIV.
320 623 407 695 (vlu.)
427 621 463 698 [r.
478 642 505 678 n,
522 619 581 697 stt]
602 623 704 676 Decimo
723 640 792 676 anno

86 715 166 770 quam
183 697 312 753 Hannibal
334 699 361 752 in
381 698 480 752 ltaliam
501 706 617 758 venerat,
640 698 668 750 P.
683 696 798 767 Sulpicio

86 772 181 828 Fulvio
194 773 276 829 Coss.
297 773 426 827 Hannibal
442 772 572 844 usquead
587 780 710 843 quartum
724 770 804 825 millia

88 848 162 902 urbis
179 848 297 915 eooessit3
319 848 419 918 equites
437 848 494 901 eius
513 864 598 918 usque
617 846 649 900 ad
668 853 778 917 portam.

86 922 226 977 consulum
237 929 321 986 metu,
335 938 396 975 oum
407 922 521 976 exercitu
532 922 695 985 venientum,
708 921 804 975 Hannil

87 997 258 1067 Campaniam
272 1013 300 1050 se
313 996 416 1067 recepit.
455 997 485 1049 ln
500 995 624 1066 Hispania
638 994 739 1049 alratre
748 996 804 1049 eius

87 1070 196 1125 drubale
208 1071 285 1125 ambo
294 1070 441 1141 Scipiones,
457 1069 505 1141 qui
514 1086 561 1141 per
573 1069 668 1124 multos
679 1089 760 1124 annos
771 1070 804 1124 vir

89 1144 197 1210 luerent,
207 1144 411 1213 interficiuntur3
427 1144 555 1199 exercitus
565 1151 651 1200 tamen
662 1145 759 1217 integer
769 1163 804 1198 mr

87 1237 149 1275 casu
164 1221 235 1274 enim
250 1220 335 1293 magis
349 1227 434 1286 erant,
470 1237 531 1274 uam
546 1219 655 1283 virtute,
675 1219 783 1289 deoepti.

88 1304 202 1366 tempore
220 1297 295 1350 etiam
317 1293 353 1369 [s.
369 1314 395 1350 n.
413 1237 472 1368 stoli
491 1312 506 1348 a
522 1294 629 1349 consule
644 1293 763 1348 lllarcello
778 1293 804 1348 Si

88 1388 183 1442 magna
196 1387 257 1441 pars
270 1377 343 1441 capta
356 1377 407 1433 est,
423 1387 504 1440 quam
518 1376 603 1423 tenere
617 1367 673 1422 Alii
688 1385 804 1438 cooperer

89 1445 267 1499 nobilissimae
281 1443 354 1497 urbis
368 1442 546 1516 Syracusanae
559 1441 653 1513 praeda
667 1442 761 1514 ingens
772 1443 804 1496 Ra

89 1519 184 1590 perlata
198 1527 245 1573 est.
284 1517 416 1571 Laevinus
432 1517 459 1570 in
473 1515 622 1570 Macedonia
634 1533 694 1569 oum
706 1516 804 1587 Philipp

89 1592 180 1647 multis
188 1592 309 1647 Graeciae
320 1589 438 1662 populis,
454 1597 479 1643 et
488 1606 548 1662 rege
561 1590 638 1644 Asiae
646 1589 730 1644 Attalo
740 1591 804 1644 amic

90 1666 160 1730 lecit,
180 1665 255 1720 etad
274 1664 389 1720 Siciliam
404 1663 545 1734 proiectus,
565 1664 718 1719 Hannonem
737 1683 804 1736 quen

88 1740 211 1795 Aliorum
225 1739 331 1803 ducem,
348 1739 418 1811 apud
433 1738 605 1811 Agrigentum
615 1739 744 1794 civitatem
755 1757 804 1793 cun

88 1815 184 1886 oppido
197 1815 276 1886 oepit,
294 1830 409 1885 eumque
424 1814 534 1867 Romam
549 1830 610 1868 cum
625 1815 734 1886 captivis
748 1814 804 1868 nobi

91 1891 173 1954 misit;
194 1890 241 1944 XL
252 1889 368 1943 civitates
378 1889 405 1942 in
415 1887 573 1942 deditionem
582 1889 687 1960 accepit,
699 1889 786 1943 XXVl
798 1906 804 1942 t

89 1964 189 2037 gnavit.
229 1964 279 2027 lta,
299 1964 371 2017 omni
387 1962 475 2017 Sicilia
494 1971 607 2034 recepta,
627 1963 774 2018 Macedonia
793 1962 804 2017 l

89 2055 150 2092 cum
165 2037 264 2110 ingenti
273 2038 356 2110 gloria
366 2039 474 2092 Romam
486 2056 619 2112 regressus
628 2046 676 2093 est.
715 2038 804 2092 Hannil

91 2112 162 2167 ltalia
180 2113 229 2167 Cn.
249 2112 375 2167 Fulvium
393 2113 528 2168 consulem
546 2114 633 2168 subito
647 2130 799 2187 aggressus,

89 2196 145 2242 acto
155 2186 273 2241 millibus
284 2187 422 2242 hominum
433 2188 568 2243 interiecit.
579 2186 614 2262 [i.
625 2207 651 2243 n.
664 2185 724 2262 ata]

144 2260 214 2316 Car.
235 2262 293 2316 XV.
314 2262 381 2336 (IX.)
400 2264 497 2317 Interea
511 2263 544 2317 ad
555 2263 706 2333 Hispanias,
720 2262 804 2326 ubi,o

90 2334 194 2390 duobus
206 2335 384 2407 Scipionibus,
397 2337 488 2392 nullus
498 2339 630 2391 Romanus
640 2336 695 2390 dux
705 2346 766 2400 erat,
779 2337 804 2389 Ρ,

91 2410 176 2464 nelius
195 2411 281 2481 Scipio
300 2412 424 2476 mittitur,
441 2410 476 2485 [s.
493 2430 518 2466 n.
535 2408 595 2484 ott]
610 2409 681 2465 lilius
696 2412 725 2464 P.
741 2410 802 2481 Scip

92 2486 138 2555 qui
160 2485 256 2540 ibidem
275 2486 374 2540 bellum
392 2493 520 2559 gesserat,
541 2501 624 2538 annos
643 2493 719 2538 natus
732 2494 804 2556 quati

91 2560 200 2632 viginti;
223 2560 264 2614 vir
274 2561 449 2615 Romanorum
464 2559 583 2612 omnium
596 2566 621 2612 et
634 2576 682 2613 sua
691 2566 783 2624 aetate,
800 2577 804 2611 ι

91 2632 494 2706 sterioritemporelereprimus.
515 2631 732 2708 IsCarthaginem
744 2632 804 2707 llisp
