1906 3330
798 96 801 101 .
901 39 928 107 *ll

918 114 928 141 ,,

90 148 123 199 dl
392 151 584 197 EUTROPII

90 251 212 305 omnium
225 252 404 305 Romanorum
424 250 452 304 in
471 251 557 303 Tauro
577 249 624 303 iter
642 247 710 303 lecit.
750 249 886 307 Revertens

91 326 256 396 triumphum
267 325 372 394 aceepit,
385 331 409 377 et
419 341 514 379 nomen
524 324 640 377 Isaurici
650 321 754 377 meruit.

145 399 214 454 Can.
231 399 275 454 lV.
296 397 337 452 Ad
346 397 482 471 lllyrioum
493 397 591 450 missus
600 404 639 450 est
648 396 679 451 C.
690 395 835 451 Cosoonius
845 414 888 470 pro

90 472 210 526 oonsule:
233 471 342 525 multam
362 478 462 541 partem
481 470 623 524 Dalmatiae
641 469 760 542 subegit,
782 470 889 527 Salonas

89 546 166 616 oepit,
177 553 202 598 et
215 546 358 616 composito
368 544 436 599 bello
446 545 556 598 Romam
566 551 625 615 post
633 544 772 597 biennium
784 544 871 599 rediit.

145 619 213 673 Car.
234 619 267 673 V.
288 618 352 691 (IV.)
371 618 467 672 lisdem
478 619 640 687 temporibus
650 616 741 672 consul
752 618 790 671 M.
802 619 890 675 Aemi·

90 689 143 744 lius
156 691 285 762 Lepidus,
302 692 388 748 Catuli
401 693 513 764 collega,
530 691 566 766 [Α.
581 711 607 746 u.
624 689 684 764 tlt]
700 689 802 745 bellum
814 690 890 749 civile

90 764 175 819 voluit
188 782 364 828 commoveam
387 767 454 821 intra
468 774 554 819 tamen
571 782 652 819 unam
666 772 788 818 aestatem
803 774 889 823 molus

89 839 147 893 eius
164 856 305 909 oppressus
318 849 366 895 est.
406 843 443 895 lta
458 857 511 894 nno
527 847 641 910 tempore
655 837 731 891 multi
746 839 830 894 simul
845 840 891 895 tri·

89 913 184 982 umphi
194 913 313 968 fuerunt:
334 914 429 969 Metelli
442 931 475 969 ex
484 913 619 982 Hispania,
629 912 745 981 Pompeii
756 913 889 969 secundus

89 1004 122 1040 ex
131 987 265 1056 Hispania,
274 986 397 1042 Curionis
406 1004 440 1040 ex
449 986 607 1049 Macedonia,
620 985 724 1039 Servilii
734 1003 769 1040 ex
779 988 889 1043 lsauria.

144 1060 213 1113 Car.
229 1061 272 1114 Vl.
287 1058 339 1131 (V.)
356 1061 434 1114 Anno
443 1060 517 1113 urbis
526 1058 644 1113 conditae
652 1058 806 1115 DCLXXVl
817 1058 889 1136 [tlh]

89 1133 121 1186 L.
136 1132 237 1186 Licinio
251 1132 361 1187 Luoullo
375 1144 400 1187 et
413 1134 450 1187 M.
464 1132 571 1187 Aurelio
583 1134 655 1188 Cotta
669 1133 753 1188 Coss.
769 1142 890 1191 mortuus

88 1212 128 1259 est
141 1206 308 1270 Nicomedes,
325 1224 372 1261 rex
387 1208 539 1281 Bithyniae,
554 1216 579 1260 et
594 1214 745 1261 bstamento
759 1207 889 1279 populum

89 1279 239 1333 Romanum
253 1279 312 1334 fecit
322 1281 454 1335 heredem.
493 1280 664 1343 Mithridates,
675 1296 738 1351 paee
748 1290 835 1351 rupta,
846 1281 890 1337 Bi-

89 1354 210 1426 thyniam
229 1362 255 1408 et
268 1355 358 1410 Asiam
377 1373 470 1409 rursus
485 1355 568 1409 voluit
582 1353 715 1409 invadere.
753 1354 889 1411 Adversus

88 1443 150 1481 eum
164 1428 242 1481 ambo
256 1429 376 1483 consules
391 1429 480 1492 missi,
498 1430 598 1484 variam
612 1428 728 1482 habuere
745 1426 888 1485 fortunam.

88 1501 160 1555 Cotta
176 1503 247 1571 apud
261 1501 451 1556 Chalcedonam
467 1502 553 1555 victus
565 1502 598 1556 ab
609 1520 639 1556 eo
650 1502 717 1566 aoie,
731 1503 810 1557 etiam
821 1505 889 1559 intre

88 1574 216 1644 oppidum
235 1582 339 1628 coactus
357 1584 396 1629 est
416 1582 441 1628 et
457 1575 590 1629 obsessus.
630 1575 681 1629 Sed
698 1592 760 1629 oum
780 1593 809 1630 se
827 1576 889 1633 inde

87 1646 251 1701 Mithridates
261 1647 388 1720 Cyzicum
399 1647 580 1713 transtulisset,
588 1648 718 1722 utCyzioo
726 1657 799 1720 eapte
808 1659 888 1705 totam

88 1718 179 1773 Asiam
195 1720 341 1785 invaderet,
357 1722 485 1777 Lucullus
499 1722 522 1775 ei
537 1722 601 1776 alter
610 1722 700 1777 consul
711 1724 838 1780 oeourrit:
858 1740 890 1779 ao

87 1792 154 1847 dum
170 1794 333 1848 Mithridates
347 1796 374 1850 in
384 1795 521 1850 obsidione
529 1796 618 1869 Cyzici
628 1805 816 1864 commoratur,
832 1798 890 1871 ipse

86 1884 150 1922 eum
160 1886 175 1922 a
185 1876 257 1941 tergo
266 1869 376 1934 obsedit,
387 1869 509 1942 fameque
519 1871 672 1934 consumsit,
679 1879 704 1924 et
712 1870 804 1927 multis
813 1890 889 1944 proe-

87 1939 131 1995 liis
146 1943 221 2008 vicit3
246 1951 376 2013 postremo
391 1945 548 2018 Byzantium
563 1944 640 2016 (quae
654 1962 726 1998 nuno
740 1945 889 2001 Constanti-

87 2015 191 2085 nopolis
205 2018 256 2087 est)
270 2016 384 2089 legavit,
402 2017 490 2072 navali
504 2036 611 2089 quoque
623 2018 722 2089 proelio
735 2018 816 2074 duces
830 2020 888 2075 eius

87 2088 217 2143 Lucullus
232 2093 370 2161 oppressit.
409 2094 445 2146 lta
456 2110 509 2146 una
520 2093 606 2146 hieme
615 2100 640 2146 et
649 2100 766 2147 aesnea
777 2093 889 2150 Luoullo

85 2171 193 2216 centnm
206 2162 258 2217 lere
268 2164 351 2218 millia
361 2166 430 2238 regis
441 2168 553 2220 extincta
562 2174 635 2219 sunt.

142 2236 212 2290 Car.
234 2237 289 2291 Vll.
315 2237 377 2309 (Vl.)
402 2240 479 2295 alnno
499 2240 572 2293 urbis
594 2240 690 2293 Romae
708 2239 888 2297 DCLXXVlll

86 2305 160 2382 [ose]
186 2310 363 2366 Macedoniam
382 2314 544 2383 provinciam
564 2314 600 2367 M.
621 2313 740 2367 Licinius
760 2314 887 2369 Lucullus

85 2385 197 2454 accepit,
219 2385 392 2440 consobrinus
407 2386 524 2450 Luculli,
545 2387 592 2458 qui
607 2395 695 2440 eontra
709 2387 887 2443 Mithridatem

85 2454 188 2512 bellum
208 2459 322 2529 gerebat.
362 2461 394 2514 Et
414 2461 440 2514 in
463 2460 535 2514 ltalia
557 2477 656 2515 novum
678 2460 778 2514 bellum
799 2462 888 2517 subite

85 2540 248 2586 commotum
268 2541 316 2587 est.
337 2531 371 2608 [A.
387 2553 412 2589 u.
425 2532 485 2608 tte]
506 2534 674 2607 Septuaginta
688 2534 760 2588 enim
774 2543 888 2607 quattmr

84 2604 256 2673 gladiatores,
268 2607 382 2663 ducibus
391 2608 522 2681 Spartaco,
534 2608 613 2663 Crixo
622 2614 648 2661 et
657 2607 797 2675 Oenomao,
812 2608 885 2665 cllra·
