<?xml version="1.0" encoding="UTF-8"?>
<!DOCTYPE html PUBLIC "-//W3C//DTD XHTML 1.0 Transitional//EN"
    "http://www.w3.org/TR/xhtml1/DTD/xhtml1-transitional.dtd">
<html xmlns="http://www.w3.org/1999/xhtml" xml:lang="en" lang="en">
 <head>
  <title>
</title>
<meta http-equiv="Content-Type" content="text/html;charset=utf-8" />
  <meta name='ocr-system' content='tesseract 3.04.00' />
  <meta name='ocr-capabilities' content='ocr_page ocr_carea ocr_par ocr_line ocrx_word'/>
</head>
<body>
  <div class='ocr_page' id='page_1' title='image "./eutropiibreviar01eutrgoog_0054.png"; bbox 0 0 1906 3330; ppageno 0'>
   <div class='ocr_carea' id='block_1_1' title="bbox 43 667 777 2812">
    <p class='ocr_par' dir='ltr' id='par_1_1' title="bbox 43 667 771 1260">
     <span class='ocr_line' id='line_1_1' title="bbox 45 667 766 742; baseline -0.001 -19"><span class='ocrx_word' id='word_1_1' title='bbox 45 685 128 742; x_wconf 91' lang='lat' dir='ltr'><strong>apuae</strong></span> <span class='ocrx_word' id='word_1_2' title='bbox 143 667 219 735; x_wconf 90' lang='lat' dir='ltr'><strong>ludo,</strong></span> <span class='ocrx_word' id='word_1_3' title='bbox 239 669 401 741; x_wconf 80' lang='lat' dir='ltr'><strong>ellegerunt,</strong></span> <span class='ocrx_word' id='word_1_4' title='bbox 420 677 444 722; x_wconf 85' lang='lat' dir='ltr'><strong>et</strong></span> <span class='ocrx_word' id='word_1_5' title='bbox 456 685 503 739; x_wconf 89' lang='lat' dir='ltr'><strong>per</strong></span> <span class='ocrx_word' id='word_1_6' title='bbox 518 668 618 722; x_wconf 87' lang='lat' dir='ltr'><strong>ltaliam</strong></span> <span class='ocrx_word' id='word_1_7' title='bbox 632 675 766 740; x_wconf 83' lang='lat' dir='ltr'><strong>vagantes,</strong></span> 
     </span>
     <span class='ocr_line' id='line_1_2' title="bbox 43 740 767 814; baseline 0 -17"><span class='ocrx_word' id='word_1_8' title='bbox 43 760 113 797; x_wconf 74' lang='lat' dir='ltr'><strong>enon</strong></span> <span class='ocrx_word' id='word_1_9' title='bbox 124 740 318 798; x_wconf 87' lang='lat' dir='ltr'><strong>leviusbcllum</strong></span> <span class='ocrx_word' id='word_1_10' title='bbox 328 744 356 796; x_wconf 93' lang='lat' dir='ltr'><strong>iu</strong></span> <span class='ocrx_word' id='word_1_11' title='bbox 367 759 494 814; x_wconf 86' lang='lat' dir='ltr'><strong>aa,quam</strong></span> <span class='ocrx_word' id='word_1_12' title='bbox 501 741 630 797; x_wconf 83' lang='lat' dir='ltr'>Hannibal</span> <span class='ocrx_word' id='word_1_13' title='bbox 642 751 767 805; x_wconf 87' lang='lat' dir='ltr'><strong>moverat,</strong></span> 
     </span>
     <span class='ocr_line' id='line_1_3' title="bbox 43 815 768 882; baseline -0.001 -11"><span class='ocrx_word' id='word_1_14' title='bbox 43 824 138 872; x_wconf 66' lang='lat' dir='ltr'><strong>terrant.</strong></span> <span class='ocrx_word' id='word_1_15' title='bbox 176 819 244 870; x_wconf 90' lang='lat' dir='ltr'><strong>Nam</strong></span> <span class='ocrx_word' id='word_1_16' title='bbox 264 816 354 870; x_wconf 90' lang='lat' dir='ltr'><strong>multis</strong></span> <span class='ocrx_word' id='word_1_17' title='bbox 373 816 500 882; x_wconf 82' lang='lat' dir='ltr'><strong>ducibus,</strong></span> <span class='ocrx_word' id='word_1_18' title='bbox 521 825 546 871; x_wconf 89' lang='lat' dir='ltr'><strong>et</strong></span> <span class='ocrx_word' id='word_1_19' title='bbox 564 817 669 871; x_wconf 92' lang='lat' dir='ltr'><strong>duobus</strong></span> <span class='ocrx_word' id='word_1_20' title='bbox 687 815 768 870; x_wconf 90' lang='lat' dir='ltr'><strong>simul</strong></span> 
     </span>
     <span class='ocr_line' id='line_1_4' title="bbox 43 889 770 965; baseline -0.003 -19"><span class='ocrx_word' id='word_1_21' title='bbox 43 908 149 946; x_wconf 84' lang='lat' dir='ltr'><strong>anorum</strong></span> <span class='ocrx_word' id='word_1_22' title='bbox 159 890 313 945; x_wconf 63' lang='lat' dir='ltr'><strong>consilibus</strong></span> <span class='ocrx_word' id='word_1_23' title='bbox 326 891 411 955; x_wconf 86' lang='lat' dir='ltr'><strong>victis,</strong></span> <span class='ocrx_word' id='word_1_24' title='bbox 424 889 460 965; x_wconf 78' lang='lat' dir='ltr'><strong>[r.</strong></span> <span class='ocrx_word' id='word_1_25' title='bbox 468 889 560 964; x_wconf 65' lang='lat' dir='ltr'><strong>natta]</strong></span> <span class='ocrx_word' id='word_1_26' title='bbox 571 890 770 964; x_wconf 79' lang='lat' dir='ltr'><strong>sexagintaiere</strong></span> 
     </span>
     <span class='ocr_line' id='line_1_5' title="bbox 43 965 770 1038; baseline -0.001 -19"><span class='ocrx_word' id='word_1_27' title='bbox 43 983 87 1019; x_wconf 90' lang='lat' dir='ltr'><strong>um</strong></span> <span class='ocrx_word' id='word_1_28' title='bbox 103 973 264 1018; x_wconf 84' lang='lat' dir='ltr'><strong>armatorum</strong></span> <span class='ocrx_word' id='word_1_29' title='bbox 277 965 419 1019; x_wconf 87' lang='lat' dir='ltr'><strong>exercitum</strong></span> <span class='ocrx_word' id='word_1_30' title='bbox 436 973 672 1038; x_wconf 81' lang='lat' dir='ltr'><strong>congregaveruat3</strong></span> <span class='ocrx_word' id='word_1_31' title='bbox 694 965 770 1020; x_wconf 87' lang='lat' dir='ltr'><strong>victi-</strong></span> 
     </span>
     <span class='ocr_line' id='line_1_6' title="bbox 43 1038 771 1109; baseline 0.001 -18"><span class='ocrx_word' id='word_1_32' title='bbox 43 1048 95 1093; x_wconf 74' lang='lat' dir='ltr'><strong>tuut</strong></span> <span class='ocrx_word' id='word_1_33' title='bbox 109 1040 136 1093; x_wconf 91' lang='lat' dir='ltr'><strong>in</strong></span> <span class='ocrx_word' id='word_1_34' title='bbox 150 1038 247 1109; x_wconf 84' lang='lat' dir='ltr'>Apulia</span> <span class='ocrx_word' id='word_1_35' title='bbox 260 1056 275 1092; x_wconf 92' lang='lat' dir='ltr'><strong>a</strong></span> <span class='ocrx_word' id='word_1_36' title='bbox 289 1039 326 1095; x_wconf 89' lang='lat' dir='ltr'><strong>M.</strong></span> <span class='ocrx_word' id='word_1_37' title='bbox 340 1039 441 1092; x_wconf 88' lang='lat' dir='ltr'><strong>Licinio</strong></span> <span class='ocrx_word' id='word_1_38' title='bbox 455 1039 548 1093; x_wconf 83' lang='lat' dir='ltr'>Crasso</span> <span class='ocrx_word' id='word_1_39' title='bbox 560 1039 728 1109; x_wconf 89' lang='lat' dir='ltr'><strong>proconsule,</strong></span> <span class='ocrx_word' id='word_1_40' title='bbox 745 1046 771 1093; x_wconf 89' lang='lat' dir='ltr'><strong>et</strong></span> 
     </span>
     <span class='ocr_line' id='line_1_7' title="bbox 43 1110 771 1177; baseline 0 -11"><span class='ocrx_word' id='word_1_41' title='bbox 43 1112 140 1167; x_wconf 90' lang='lat' dir='ltr'><strong>multas</strong></span> <span class='ocrx_word' id='word_1_42' title='bbox 151 1113 309 1166; x_wconf 72' lang='lat' dir='ltr'><strong>calamitates</strong></span> <span class='ocrx_word' id='word_1_43' title='bbox 325 1111 425 1177; x_wconf 88' lang='lat' dir='ltr'><strong>ltaliae,</strong></span> <span class='ocrx_word' id='word_1_44' title='bbox 441 1113 516 1167; x_wconf 86' lang='lat' dir='ltr'><strong>tertio</strong></span> <span class='ocrx_word' id='word_1_45' title='bbox 530 1129 612 1177; x_wconf 91' lang='lat' dir='ltr'><strong>auno,</strong></span> <span class='ocrx_word' id='word_1_46' title='bbox 623 1113 692 1166; x_wconf 90' lang='lat' dir='ltr'><strong>bello</strong></span> <span class='ocrx_word' id='word_1_47' title='bbox 706 1110 771 1168; x_wconf 92' lang='lat' dir='ltr'><strong>huic</strong></span> 
     </span>
     <span class='ocr_line' id='line_1_8' title="bbox 44 1183 353 1260; baseline -0.01 -20"><span class='ocrx_word' id='word_1_48' title='bbox 44 1187 190 1257; x_wconf 84' lang='lat' dir='ltr'><strong>impositus.</strong></span> <span class='ocrx_word' id='word_1_49' title='bbox 206 1184 242 1260; x_wconf 80' lang='lat' dir='ltr'><strong>[s.</strong></span> <span class='ocrx_word' id='word_1_50' title='bbox 253 1205 280 1242; x_wconf 85' lang='lat' dir='ltr'><strong>n.</strong></span> <span class='ocrx_word' id='word_1_51' title='bbox 292 1183 353 1259; x_wconf 72' lang='lat'><strong>681]</strong></span> 
     </span>
    </p>

    <p class='ocr_par' dir='ltr' id='par_1_2' title="bbox 43 1259 777 2645">
     <span class='ocr_line' id='line_1_9' title="bbox 43 1259 772 1332; baseline -0.003 -16"><span class='ocrx_word' id='word_1_52' title='bbox 43 1262 96 1316; x_wconf 77' lang='lat' dir='ltr'><strong>lar.</strong></span> <span class='ocrx_word' id='word_1_53' title='bbox 117 1260 186 1314; x_wconf 88' lang='lat' dir='ltr'><strong>Vlll.</strong></span> <span class='ocrx_word' id='word_1_54' title='bbox 205 1259 282 1332; x_wconf 80' lang='lat' dir='ltr'><strong>(VM.)</strong></span> <span class='ocrx_word' id='word_1_55' title='bbox 300 1259 492 1313; x_wconf 86' lang='lat' dir='ltr'><strong>Sexcentesimc</strong></span> <span class='ocrx_word' id='word_1_56' title='bbox 509 1259 666 1332; x_wconf 80' lang='lat' dir='ltr'><strong>octogesimo</strong></span> <span class='ocrx_word' id='word_1_57' title='bbox 685 1260 772 1330; x_wconf 90' lang='lat' dir='ltr'><strong>primo</strong></span> 
     </span>
     <span class='ocr_line' id='line_1_10' title="bbox 43 1331 772 1398; baseline 0.003 -12"><span class='ocrx_word' id='word_1_58' title='bbox 43 1333 174 1389; x_wconf 76' lang='lat' dir='ltr'><strong>tcouditae</strong></span> <span class='ocrx_word' id='word_1_59' title='bbox 183 1350 265 1398; x_wconf 86' lang='lat' dir='ltr'><strong>anuo,</strong></span> <span class='ocrx_word' id='word_1_60' title='bbox 281 1334 310 1388; x_wconf 89' lang='lat' dir='ltr'><strong>P.</strong></span> <span class='ocrx_word' id='word_1_61' title='bbox 322 1332 441 1388; x_wconf 87' lang='lat' dir='ltr'><strong>Cornelio</strong></span> <span class='ocrx_word' id='word_1_62' title='bbox 451 1331 561 1388; x_wconf 83' lang='lat' dir='ltr'>Lentulo</span> <span class='ocrx_word' id='word_1_63' title='bbox 570 1343 595 1387; x_wconf 90' lang='lat' dir='ltr'><strong>et</strong></span> <span class='ocrx_word' id='word_1_64' title='bbox 604 1332 654 1388; x_wconf 88' lang='lat' dir='ltr'><strong>Cn.</strong></span> <span class='ocrx_word' id='word_1_65' title='bbox 666 1331 772 1388; x_wconf 77' lang='lat' dir='ltr'><strong>Aufidio</strong></span> 
     </span>
     <span class='ocr_line' id='line_1_11' title="bbox 43 1407 773 1480; baseline 0 -18"><span class='ocrx_word' id='word_1_66' title='bbox 43 1417 62 1462; x_wconf 74' lang='lat' dir='ltr'><strong>&#39;a</strong></span> <span class='ocrx_word' id='word_1_67' title='bbox 79 1407 162 1462; x_wconf 79' lang='lat' dir='ltr'><strong>Coss</strong></span> <span class='ocrx_word' id='word_1_68' title='bbox 182 1407 235 1460; x_wconf 91' lang='lat' dir='ltr'><strong>duo</strong></span> <span class='ocrx_word' id='word_1_69' title='bbox 250 1414 351 1461; x_wconf 89' lang='lat' dir='ltr'><strong>tantum</strong></span> <span class='ocrx_word' id='word_1_70' title='bbox 367 1409 458 1480; x_wconf 83' lang='lat' dir='ltr'><strong>gravia</strong></span> <span class='ocrx_word' id='word_1_71' title='bbox 472 1407 539 1461; x_wconf 86' lang='lat' dir='ltr'><strong>balla</strong></span> <span class='ocrx_word' id='word_1_72' title='bbox 553 1408 582 1462; x_wconf 92' lang='lat' dir='ltr'><strong>in</strong></span> <span class='ocrx_word' id='word_1_73' title='bbox 597 1407 708 1478; x_wconf 90' lang='lat' dir='ltr'><strong>imperio</strong></span> <span class='ocrx_word' id='word_1_74' title='bbox 720 1407 773 1462; x_wconf 83' lang='lat' dir='ltr'><strong>llo-</strong></span> 
     </span>
     <span class='ocr_line' id='line_1_12' title="bbox 43 1480 772 1544; baseline -0.001 -8"><span class='ocrx_word' id='word_1_75' title='bbox 43 1489 144 1544; x_wconf 75' lang='lat' dir='ltr'><strong>terant,</strong></span> <span class='ocrx_word' id='word_1_76' title='bbox 155 1481 360 1536; x_wconf 89' lang='lat' dir='ltr'><strong>Mithridaticum</strong></span> <span class='ocrx_word' id='word_1_77' title='bbox 371 1489 396 1534; x_wconf 88' lang='lat' dir='ltr'><strong>et</strong></span> <span class='ocrx_word' id='word_1_78' title='bbox 405 1481 612 1536; x_wconf 85' lang='lat' dir='ltr'><strong>Macedonicum.</strong></span> <span class='ocrx_word' id='word_1_79' title='bbox 642 1483 710 1536; x_wconf 88' lang='lat' dir='ltr'><strong>llaec</strong></span> <span class='ocrx_word' id='word_1_80' title='bbox 719 1480 772 1535; x_wconf 91' lang='lat' dir='ltr'><strong>duo</strong></span> 
     </span>
     <span class='ocr_line' id='line_1_13' title="bbox 43 1554 773 1628; baseline -0.001 -19"><span class='ocrx_word' id='word_1_81' title='bbox 43 1554 77 1609; x_wconf 85' lang='lat' dir='ltr'><strong>uli</strong></span> <span class='ocrx_word' id='word_1_82' title='bbox 88 1555 212 1628; x_wconf 81' lang='lat' dir='ltr'><strong>agebant,</strong></span> <span class='ocrx_word' id='word_1_83' title='bbox 228 1555 260 1609; x_wconf 95' lang='lat' dir='ltr'><strong>L.</strong></span> <span class='ocrx_word' id='word_1_84' title='bbox 271 1555 399 1609; x_wconf 78' lang='lat' dir='ltr'>Lucullus</span> <span class='ocrx_word' id='word_1_85' title='bbox 408 1562 432 1609; x_wconf 90' lang='lat' dir='ltr'><strong>et</strong></span> <span class='ocrx_word' id='word_1_86' title='bbox 441 1557 478 1610; x_wconf 87' lang='grc' dir='ltr'><strong>Μ.</strong></span> <span class='ocrx_word' id='word_1_87' title='bbox 490 1554 629 1610; x_wconf 86' lang='lat' dir='ltr'>Lucullus.</span> <span class='ocrx_word' id='word_1_88' title='bbox 668 1556 700 1609; x_wconf 89' lang='lat' dir='ltr'><strong>L.</strong></span> <span class='ocrx_word' id='word_1_89' title='bbox 711 1570 773 1627; x_wconf 79' lang='lat' dir='ltr'><strong>ergo</strong></span> 
     </span>
     <span class='ocr_line' id='line_1_14' title="bbox 43 1628 774 1702; baseline -0.004 -19"><span class='ocrx_word' id='word_1_90' title='bbox 43 1629 102 1684; x_wconf 84' lang='lat' dir='ltr'><strong>utus</strong></span> <span class='ocrx_word' id='word_1_91' title='bbox 117 1635 174 1699; x_wconf 88' lang='lat' dir='ltr'><strong>post</strong></span> <span class='ocrx_word' id='word_1_92' title='bbox 184 1646 302 1702; x_wconf 80' lang='lat' dir='ltr'><strong>pugnam</strong></span> <span class='ocrx_word' id='word_1_93' title='bbox 312 1629 483 1702; x_wconf 78' lang='lat' dir='ltr'><strong>Cyzicenum,</strong></span> <span class='ocrx_word' id='word_1_94' title='bbox 500 1647 553 1699; x_wconf 90' lang='lat' dir='ltr'><strong>qua</strong></span> <span class='ocrx_word' id='word_1_95' title='bbox 564 1629 661 1682; x_wconf 85' lang='lat' dir='ltr'><strong>vicerat</strong></span> <span class='ocrx_word' id='word_1_96' title='bbox 669 1628 774 1683; x_wconf 89' lang='lat' dir='ltr'><strong>Mithri-</strong></span> 
     </span>
     <span class='ocr_line' id='line_1_15' title="bbox 43 1702 774 1774; baseline -0.003 -17"><span class='ocrx_word' id='word_1_97' title='bbox 43 1722 60 1767; x_wconf 87' lang='lat' dir='ltr'><strong>r,</strong></span> <span class='ocrx_word' id='word_1_98' title='bbox 74 1711 99 1756; x_wconf 89' lang='lat' dir='ltr'><strong>et</strong></span> <span class='ocrx_word' id='word_1_99' title='bbox 109 1702 238 1766; x_wconf 85' lang='lat' dir='ltr'><strong>navalem,</strong></span> <span class='ocrx_word' id='word_1_100' title='bbox 249 1721 301 1774; x_wconf 92' lang='lat' dir='ltr'><strong>qua</strong></span> <span class='ocrx_word' id='word_1_101' title='bbox 312 1702 392 1756; x_wconf 80' lang='lat' dir='ltr'><strong>ducos</strong></span> <span class='ocrx_word' id='word_1_102' title='bbox 401 1703 459 1755; x_wconf 90' lang='lat' dir='ltr'><strong>eius</strong></span> <span class='ocrx_word' id='word_1_103' title='bbox 468 1709 640 1772; x_wconf 78' lang='lat' dir='ltr'><strong>oppresserat,</strong></span> <span class='ocrx_word' id='word_1_104' title='bbox 651 1718 774 1772; x_wconf 79' lang='lat' dir='ltr'><strong>persecu·</strong></span> 
     </span>
     <span class='ocr_line' id='line_1_16' title="bbox 43 1774 772 1848; baseline -0.005 -17"><span class='ocrx_word' id='word_1_105' title='bbox 43 1784 73 1831; x_wconf 70' lang='lat' dir='ltr'><strong>ast</strong></span> <span class='ocrx_word' id='word_1_106' title='bbox 90 1794 165 1841; x_wconf 89' lang='lat' dir='ltr'><strong>eum,</strong></span> <span class='ocrx_word' id='word_1_107' title='bbox 187 1784 223 1840; x_wconf 87' lang='lat' dir='ltr'><strong>et,</strong></span> <span class='ocrx_word' id='word_1_108' title='bbox 242 1786 341 1848; x_wconf 82' lang='lat' dir='ltr'><strong>recepta</strong></span> <span class='ocrx_word' id='word_1_109' title='bbox 356 1775 533 1848; x_wconf 80' lang='lat' dir='ltr'><strong>Paphlagonia</strong></span> <span class='ocrx_word' id='word_1_110' title='bbox 548 1782 626 1846; x_wconf 79' lang='lat' dir='ltr'><strong>atque</strong></span> <span class='ocrx_word' id='word_1_111' title='bbox 639 1774 772 1847; x_wconf 85' lang='lat' dir='ltr'><strong>Bithynia,</strong></span> 
     </span>
     <span class='ocr_line' id='line_1_17' title="bbox 43 1848 775 1922; baseline -0.003 -18"><span class='ocrx_word' id='word_1_112' title='bbox 43 1868 174 1922; x_wconf 81' lang='lat' dir='ltr'><strong>treguam</strong></span> <span class='ocrx_word' id='word_1_113' title='bbox 183 1851 240 1904; x_wconf 91' lang='lat' dir='ltr'><strong>eius</strong></span> <span class='ocrx_word' id='word_1_114' title='bbox 250 1851 359 1905; x_wconf 86' lang='lat' dir='ltr'><strong>invasit:</strong></span> <span class='ocrx_word' id='word_1_115' title='bbox 377 1850 490 1920; x_wconf 80' lang='lat' dir='ltr'><strong>Sinopen</strong></span> <span class='ocrx_word' id='word_1_116' title='bbox 502 1848 775 1912; x_wconf 80' lang='lat' dir='ltr'><strong>etAmison,aivitates</strong></span> 
     </span>
     <span class='ocr_line' id='line_1_18' title="bbox 43 1923 774 1995; baseline -0.003 -17"><span class='ocrx_word' id='word_1_117' title='bbox 43 1926 49 1979; x_wconf 93' lang='lat' dir='ltr'><strong>i</strong></span> <span class='ocrx_word' id='word_1_118' title='bbox 60 1925 247 1988; x_wconf 89' lang='lat' dir='ltr'><strong>nobilissimas,</strong></span> <span class='ocrx_word' id='word_1_119' title='bbox 259 1925 336 1995; x_wconf 70' lang='lat' dir='ltr'><strong>cepit,</strong></span> <span class='ocrx_word' id='word_1_120' title='bbox 361 1923 481 1978; x_wconf 81' lang='lat' dir='ltr'><strong>Secundo</strong></span> <span class='ocrx_word' id='word_1_121' title='bbox 490 1923 588 1994; x_wconf 86' lang='lat' dir='ltr'><strong>proelio</strong></span> <span class='ocrx_word' id='word_1_122' title='bbox 599 1923 671 1994; x_wconf 91' lang='lat' dir='ltr'><strong>apud</strong></span> <span class='ocrx_word' id='word_1_123' title='bbox 680 1923 774 1977; x_wconf 80' lang='lat' dir='ltr'><strong>Cabiro</strong></span> 
     </span>
     <span class='ocr_line' id='line_1_19' title="bbox 43 1997 775 2071; baseline -0.004 -17"><span class='ocrx_word' id='word_1_124' title='bbox 43 2007 115 2061; x_wconf 70' lang='lat' dir='ltr'><strong>atera</strong></span> <span class='ocrx_word' id='word_1_125' title='bbox 128 2017 181 2070; x_wconf 86' lang='lat' dir='ltr'><strong>quo</strong></span> <span class='ocrx_word' id='word_1_126' title='bbox 191 2000 310 2071; x_wconf 79' lang='lat' dir='ltr'><strong>ingentes</strong></span> <span class='ocrx_word' id='word_1_127' title='bbox 319 1999 407 2070; x_wconf 88' lang='lat' dir='ltr'><strong>copias</strong></span> <span class='ocrx_word' id='word_1_128' title='bbox 416 1999 531 2053; x_wconf 86' lang='lat' dir='ltr'><strong>exomni</strong></span> <span class='ocrx_word' id='word_1_129' title='bbox 540 2015 621 2071; x_wconf 82' lang='lat' dir='ltr'><strong>reguo</strong></span> <span class='ocrx_word' id='word_1_130' title='bbox 631 1997 775 2052; x_wconf 81' lang='lat' dir='ltr'><strong>adduxerat</strong></span> 
     </span>
     <span class='ocr_line' id='line_1_20' title="bbox 43 2073 775 2145; baseline -0.004 -17"><span class='ocrx_word' id='word_1_131' title='bbox 43 2073 153 2138; x_wconf 86' lang='lat' dir='ltr'><strong>ridates,</strong></span> <span class='ocrx_word' id='word_1_132' title='bbox 169 2089 232 2127; x_wconf 89' lang='lat' dir='ltr'><strong>cum</strong></span> <span class='ocrx_word' id='word_1_133' title='bbox 245 2073 326 2127; x_wconf 88' lang='lat' dir='ltr'><strong>XXX</strong></span> <span class='ocrx_word' id='word_1_134' title='bbox 340 2073 423 2126; x_wconf 91' lang='lat' dir='ltr'><strong>millia</strong></span> <span class='ocrx_word' id='word_1_135' title='bbox 437 2073 576 2127; x_wconf 84' lang='lat' dir='ltr'><strong>lectissima</strong></span> <span class='ocrx_word' id='word_1_136' title='bbox 590 2073 660 2145; x_wconf 83' lang='lat' dir='ltr'><strong>regis</strong></span> <span class='ocrx_word' id='word_1_137' title='bbox 670 2091 684 2127; x_wconf 88' lang='lat' dir='ltr'><strong>a</strong></span> <span class='ocrx_word' id='word_1_138' title='bbox 695 2073 775 2143; x_wconf 88' lang='lat' dir='ltr'><strong>quiu-</strong></span> 
     </span>
     <span class='ocr_line' id='line_1_21' title="bbox 47 2147 775 2211; baseline -0.001 -11"><span class='ocrx_word' id='word_1_139' title='bbox 47 2147 167 2201; x_wconf 91' lang='lat' dir='ltr'><strong>millibus</strong></span> <span class='ocrx_word' id='word_1_140' title='bbox 187 2148 364 2202; x_wconf 85' lang='lat' dir='ltr'><strong>Romanorum</strong></span> <span class='ocrx_word' id='word_1_141' title='bbox 385 2154 483 2201; x_wconf 91' lang='lat' dir='ltr'><strong>vastata</strong></span> <span class='ocrx_word' id='word_1_142' title='bbox 497 2155 596 2211; x_wconf 88' lang='lat' dir='ltr'><strong>essent,</strong></span> <span class='ocrx_word' id='word_1_143' title='bbox 613 2147 775 2201; x_wconf 86' lang='lat' dir='ltr'><strong>Mithridates</strong></span> 
     </span>
     <span class='ocr_line' id='line_1_22' title="bbox 43 2220 776 2292; baseline -0.005 -16"><span class='ocrx_word' id='word_1_144' title='bbox 43 2230 82 2276; x_wconf 85' lang='lat' dir='ltr'><strong>tus</strong></span> <span class='ocrx_word' id='word_1_145' title='bbox 102 2229 153 2285; x_wconf 89' lang='lat' dir='ltr'><strong>est,</strong></span> <span class='ocrx_word' id='word_1_146' title='bbox 175 2229 200 2275; x_wconf 88' lang='lat' dir='ltr'><strong>et</strong></span> <span class='ocrx_word' id='word_1_147' title='bbox 212 2230 295 2275; x_wconf 88' lang='lat' dir='ltr'><strong>castra</strong></span> <span class='ocrx_word' id='word_1_148' title='bbox 309 2223 366 2276; x_wconf 89' lang='lat' dir='ltr'><strong>eius</strong></span> <span class='ocrx_word' id='word_1_149' title='bbox 382 2221 492 2292; x_wconf 88' lang='lat' dir='ltr'><strong>direpta.</strong></span> <span class='ocrx_word' id='word_1_150' title='bbox 531 2220 654 2275; x_wconf 79' lang='lat' dir='ltr'><strong>Armenia</strong></span> <span class='ocrx_word' id='word_1_151' title='bbox 670 2235 776 2291; x_wconf 88' lang='lat' dir='ltr'><strong>quoque</strong></span> 
     </span>
     <span class='ocr_line' id='line_1_23' title="bbox 43 2294 775 2367; baseline -0.005 -17"><span class='ocrx_word' id='word_1_152' title='bbox 43 2314 76 2361; x_wconf 84' lang='lat' dir='ltr'><strong>u,</strong></span> <span class='ocrx_word' id='word_1_153' title='bbox 92 2312 175 2367; x_wconf 88' lang='lat' dir='ltr'><strong>quam</strong></span> <span class='ocrx_word' id='word_1_154' title='bbox 189 2303 319 2360; x_wconf 84' lang='lat' dir='ltr'><strong>tenuerat,</strong></span> <span class='ocrx_word' id='word_1_155' title='bbox 335 2295 420 2350; x_wconf 87' lang='lat' dir='ltr'><strong>eidem</strong></span> <span class='ocrx_word' id='word_1_156' title='bbox 431 2295 533 2350; x_wconf 89' lang='lat' dir='ltr'><strong>sublata</strong></span> <span class='ocrx_word' id='word_1_157' title='bbox 546 2303 595 2348; x_wconf 88' lang='lat' dir='ltr'><strong>est.</strong></span> <span class='ocrx_word' id='word_1_158' title='bbox 633 2294 775 2364; x_wconf 85' lang='lat' dir='ltr'><strong>Susceptus</strong></span> 
     </span>
     <span class='ocr_line' id='line_1_24' title="bbox 43 2367 776 2442; baseline -0.007 -17"><span class='ocrx_word' id='word_1_159' title='bbox 43 2388 63 2425; x_wconf 91' lang='lat' dir='ltr'><strong>u</strong></span> <span class='ocrx_word' id='word_1_160' title='bbox 75 2378 115 2424; x_wconf 89' lang='lat' dir='ltr'><strong>cst</strong></span> <span class='ocrx_word' id='word_1_161' title='bbox 131 2369 291 2423; x_wconf 83' lang='lat' dir='ltr'><strong>Mithridates</strong></span> <span class='ocrx_word' id='word_1_162' title='bbox 304 2377 363 2441; x_wconf 91' lang='lat' dir='ltr'><strong>post</strong></span> <span class='ocrx_word' id='word_1_163' title='bbox 372 2368 463 2442; x_wconf 74' lang='lat' dir='ltr'><strong>hagam</strong></span> <span class='ocrx_word' id='word_1_164' title='bbox 475 2387 490 2422; x_wconf 93' lang='lat' dir='ltr'><strong>a</strong></span> <span class='ocrx_word' id='word_1_165' title='bbox 500 2370 625 2441; x_wconf 81' lang='lat' dir='ltr'><strong>Tigrane,</strong></span> <span class='ocrx_word' id='word_1_166' title='bbox 638 2367 776 2422; x_wconf 82' lang='lat' dir='ltr'><strong>Anneuiae</strong></span> 
     </span>
     <span class='ocr_line' id='line_1_25' title="bbox 43 2442 777 2516; baseline -0.004 -18"><span class='ocrx_word' id='word_1_167' title='bbox 43 2485 49 2509; x_wconf 91' lang='lat'><strong>‚</strong></span> <span class='ocrx_word' id='word_1_168' title='bbox 65 2445 113 2514; x_wconf 91' lang='lat' dir='ltr'><strong>qui</strong></span> <span class='ocrx_word' id='word_1_169' title='bbox 129 2451 192 2498; x_wconf 90' lang='lat' dir='ltr'><strong>tuuc</strong></span> <span class='ocrx_word' id='word_1_170' title='bbox 207 2443 306 2516; x_wconf 80' lang='lat' dir='ltr'><strong>ingenti</strong></span> <span class='ocrx_word' id='word_1_171' title='bbox 320 2442 404 2516; x_wconf 77' lang='lat' dir='ltr'><strong>gloria</strong></span> <span class='ocrx_word' id='word_1_172' title='bbox 418 2444 576 2514; x_wconf 82' lang='lat' dir='ltr'><strong>imperabat,</strong></span> <span class='ocrx_word' id='word_1_173' title='bbox 596 2445 686 2496; x_wconf 90' lang='lat' dir='ltr'><strong>Persas</strong></span> <span class='ocrx_word' id='word_1_174' title='bbox 700 2458 777 2513; x_wconf 88' lang='lat' dir='ltr'><strong>saepe</strong></span> 
     </span>
     <span class='ocr_line' id='line_1_26' title="bbox 43 2515 777 2591; baseline -0.004 -19"><span class='ocrx_word' id='word_1_175' title='bbox 43 2525 81 2582; x_wconf 86' lang='lat' dir='ltr'><strong>at,</strong></span> <span class='ocrx_word' id='word_1_176' title='bbox 93 2518 305 2588; x_wconf 88' lang='lat' dir='ltr'><strong>Mesopotamiam</strong></span> <span class='ocrx_word' id='word_1_177' title='bbox 316 2525 494 2589; x_wconf 82' lang='lat' dir='ltr'><strong>occupaverat,</strong></span> <span class='ocrx_word' id='word_1_178' title='bbox 505 2525 530 2572; x_wconf 88' lang='lat' dir='ltr'><strong>et</strong></span> <span class='ocrx_word' id='word_1_179' title='bbox 539 2517 652 2591; x_wconf 84' lang='lat' dir='ltr'><strong>Syriam,</strong></span> <span class='ocrx_word' id='word_1_180' title='bbox 660 2524 685 2570; x_wconf 91' lang='lat' dir='ltr'><strong>et</strong></span> <span class='ocrx_word' id='word_1_181' title='bbox 694 2515 777 2570; x_wconf 87' lang='lat' dir='ltr'><strong>Phoe-</strong></span> 
     </span>
     <span class='ocr_line' id='line_1_27' title="bbox 43 2600 168 2645; baseline 0 0"><span class='ocrx_word' id='word_1_182' title='bbox 43 2611 47 2645; x_wconf 89' lang='grc' dir='ltr'>ι</span> <span class='ocrx_word' id='word_1_183' title='bbox 76 2600 168 2645; x_wconf 85' lang='lat' dir='ltr'><strong>artem.</strong></span> 
     </span>
    </p>

    <p class='ocr_par' dir='ltr' id='par_1_3' title="bbox 43 2610 777 2812">
     <span class='ocr_line' id='line_1_28' title="bbox 43 2610 773 2737; baseline -0.007 -17"><span class='ocrx_word' id='word_1_184' title='bbox 43 2610 100 2721; x_wconf 49' lang='lat' dir='ltr'><strong>Ille.</strong></span> <span class='ocrx_word' id='word_1_185' title='bbox 117 2666 165 2719; x_wconf 89' lang='lat' dir='ltr'><strong>lX.</strong></span> <span class='ocrx_word' id='word_1_186' title='bbox 179 2666 249 2737; x_wconf 85' lang='lat' dir='ltr'><strong>Ergo</strong></span> <span class='ocrx_word' id='word_1_187' title='bbox 259 2665 395 2729; x_wconf 79' lang='lat' dir='ltr'>Lucullus,</span> <span class='ocrx_word' id='word_1_188' title='bbox 408 2673 525 2736; x_wconf 88' lang='lat' dir='ltr'><strong>repetens</strong></span> <span class='ocrx_word' id='word_1_189' title='bbox 535 2666 635 2720; x_wconf 84' lang='lat' dir='ltr'><strong>bostem</strong></span> <span class='ocrx_word' id='word_1_190' title='bbox 644 2663 773 2735; x_wconf 81' lang='lat' dir='ltr'><strong>fugatum,</strong></span> 
     </span>
     <span class='ocr_line' id='line_1_29' title="bbox 43 2736 777 2812; baseline -0.007 -19"><span class='ocrx_word' id='word_1_191' title='bbox 43 2756 183 2812; x_wconf 78' lang='lat' dir='ltr'><strong>treguam</strong></span> <span class='ocrx_word' id='word_1_192' title='bbox 197 2740 332 2812; x_wconf 85' lang='lat' dir='ltr'><strong>Tigranis,</strong></span> <span class='ocrx_word' id='word_1_193' title='bbox 349 2741 397 2810; x_wconf 90' lang='lat' dir='ltr'><strong>qui</strong></span> <span class='ocrx_word' id='word_1_194' title='bbox 411 2740 543 2794; x_wconf 79' lang='lat' dir='ltr'><strong>Armeniis</strong></span> <span class='ocrx_word' id='word_1_195' title='bbox 561 2737 717 2808; x_wconf 84' lang='lat' dir='ltr'><strong>imperabat,</strong></span> <span class='ocrx_word' id='word_1_196' title='bbox 736 2736 777 2788; x_wconf 85' lang='lat' dir='ltr'><strong>iu·</strong></span> 
     </span>
    </p>
   </div>
   <div class='ocr_carea' id='block_1_2' title="bbox 258 564 768 616">
    <p class='ocr_par' dir='ltr' id='par_1_4' title="bbox 258 564 768 616">
     <span class='ocr_line' id='line_1_30' title="bbox 258 564 768 616; baseline 0.004 -2"><span class='ocrx_word' id='word_1_197' title='bbox 258 568 261 577; x_wconf 66' lang='lat'><em>⁴</em></span> <span class='ocrx_word' id='word_1_198' title='bbox 280 571 395 615; x_wconf 87' lang='lat' dir='ltr'>LIBER</span> <span class='ocrx_word' id='word_1_199' title='bbox 414 571 459 616; x_wconf 83' lang='lat' dir='ltr'><strong>VI.</strong></span> <span class='ocrx_word' id='word_1_200' title='bbox 736 564 768 616; x_wconf 74' lang='grc'><strong>45</strong></span> 
     </span>
    </p>
   </div>
   <div class='ocr_carea' id='block_1_3' title="bbox 43 2809 792 3108">
    <p class='ocr_par' dir='ltr' id='par_1_5' title="bbox 43 2809 792 3108">
     <span class='ocr_line' id='line_1_31' title="bbox 43 2809 777 2887; baseline -0.007 -19"><span class='ocrx_word' id='word_1_201' title='bbox 43 2831 84 2868; x_wconf 78' lang='lat' dir='ltr'><strong>aus</strong></span> <span class='ocrx_word' id='word_1_202' title='bbox 98 2821 149 2866; x_wconf 87' lang='lat' dir='ltr'><strong>est:</strong></span> <span class='ocrx_word' id='word_1_203' title='bbox 173 2810 207 2887; x_wconf 83' lang='lat' dir='ltr'><strong>[a.</strong></span> <span class='ocrx_word' id='word_1_204' title='bbox 221 2832 248 2869; x_wconf 86' lang='lat' dir='ltr'><strong>n.</strong></span> <span class='ocrx_word' id='word_1_205' title='bbox 260 2811 321 2886; x_wconf 65' lang='lat' dir='ltr'><strong>tta]</strong></span> <span class='ocrx_word' id='word_1_206' title='bbox 341 2815 536 2887; x_wconf 82' lang='lat' dir='ltr'><strong>Tigranocerta,</strong></span> <span class='ocrx_word' id='word_1_207' title='bbox 552 2813 683 2866; x_wconf 87' lang='lat' dir='ltr'><strong>civitatem</strong></span> <span class='ocrx_word' id='word_1_208' title='bbox 697 2809 777 2864; x_wconf 79' lang='lat' dir='ltr'><strong>Arza-</strong></span> 
     </span>
     <span class='ocr_line' id='line_1_32' title="bbox 43 2884 777 2960; baseline -0.005 -20"><span class='ocrx_word' id='word_1_209' title='bbox 43 2905 60 2941; x_wconf 86' lang='lat' dir='ltr'><strong>e</strong></span> <span class='ocrx_word' id='word_1_210' title='bbox 79 2886 273 2941; x_wconf 89' lang='lat' dir='ltr'><strong>nobilissimam</strong></span> <span class='ocrx_word' id='word_1_211' title='bbox 292 2889 367 2960; x_wconf 82' lang='lat' dir='ltr'><strong>regni</strong></span> <span class='ocrx_word' id='word_1_212' title='bbox 389 2887 550 2950; x_wconf 82' lang='lat' dir='ltr'><strong>Armeniaci,</strong></span> <span class='ocrx_word' id='word_1_213' title='bbox 572 2887 658 2957; x_wconf 89' lang='lat' dir='ltr'><strong>cepit:</strong></span> <span class='ocrx_word' id='word_1_214' title='bbox 688 2884 777 2954; x_wconf 87' lang='lat' dir='ltr'><strong>ipsum</strong></span> 
     </span>
     <span class='ocr_line' id='line_1_33' title="bbox 43 2959 777 3022; baseline -0.007 -7"><span class='ocrx_word' id='word_1_215' title='bbox 43 2978 66 3015; x_wconf 93' lang='lat' dir='ltr'><strong>m</strong></span> <span class='ocrx_word' id='word_1_216' title='bbox 76 2977 139 3014; x_wconf 88' lang='lat' dir='ltr'><strong>cum</strong></span> <span class='ocrx_word' id='word_1_217' title='bbox 149 2962 280 3015; x_wconf 85' lang='lat' dir='ltr'><strong>sexcentis</strong></span> <span class='ocrx_word' id='word_1_218' title='bbox 290 2962 410 3016; x_wconf 91' lang='lat' dir='ltr'><strong>millibus</strong></span> <span class='ocrx_word' id='word_1_219' title='bbox 419 2959 631 3022; x_wconf 88' lang='lat' dir='ltr'><strong>clibanariorum,</strong></span> <span class='ocrx_word' id='word_1_220' title='bbox 638 2965 663 3011; x_wconf 88' lang='lat' dir='ltr'><strong>et</strong></span> <span class='ocrx_word' id='word_1_221' title='bbox 672 2964 777 3011; x_wconf 88' lang='lat' dir='ltr'><strong>centum</strong></span> 
     </span>
     <span class='ocr_line' id='line_1_34' title="bbox 43 3031 792 3108; baseline -0.007 -19"><span class='ocrx_word' id='word_1_222' title='bbox 43 3035 99 3091; x_wconf 88' lang='lat' dir='ltr'><strong>ibus</strong></span> <span class='ocrx_word' id='word_1_223' title='bbox 113 3034 308 3108; x_wconf 80' lang='lat' dir='ltr'><strong>sagittariorum</strong></span> <span class='ocrx_word' id='word_1_224' title='bbox 323 3044 347 3090; x_wconf 90' lang='lat' dir='ltr'><strong>et</strong></span> <span class='ocrx_word' id='word_1_225' title='bbox 358 3031 792 3096; x_wconf 64' lang='lat' dir='ltr'><strong>amaurunaeuteutem,ffi</strong></span> 
     </span>
    </p>
   </div>
   <div class='ocr_carea' id='block_1_4' title="bbox 0 0 963 3330">
    <p class='ocr_par' dir='ltr' id='par_1_6' title="bbox 0 0 963 3330">
     <span class='ocr_line' id='line_1_35' title="bbox 0 0 963 3330; baseline 0 0"><span class='ocrx_word' id='word_1_226' title='bbox 0 0 963 3330; x_wconf 95' lang='lat' dir='ltr'><strong> </strong></span> 
     </span>
    </p>
   </div>
  </div>
 </body>
</html>
