1906 3330
333 563 450 610 LIBER
472 566 519 610 lx.
789 560 824 612 ’Π

37 664 165 736 {ispanias
175 671 387 734 penetraverunt,
402 671 427 718 et
436 664 566 719 civitatem
577 663 691 719 nobilem
701 665 824 720 Tarraco-

37 755 87 794 rem
101 745 330 810 expugnaverunt.
370 738 470 803 Parthi,
492 739 675 810 Mesopotamia
689 748 821 810 occupata,

37 811 493 888 lyriamsibicoeperuntvindicare.

82 887 150 942 Car.
177 887 223 940 IX.
249 885 333 958 (Vll.)
357 886 425 939 Tum
448 887 500 940 iam
521 885 663 958 desperatis
683 887 776 951 rebus,
799 895 825 942 et

37 959 110 1014 leletc
128 977 211 1030 paene
228 959 338 1030 imperio
356 960 484 1023 llcmano,
510 961 660 1016 Posrorrus
679 961 707 1015 in
727 959 822 1026 Gallia,

37 1034 213 1088 ›bscurissime
232 1043 322 1096 natus,
341 1050 487 1104 purpuram
507 1034 615 1098 sumsit,
635 1043 660 1088 et
677 1052 724 1106 per
741 1051 824 1090 annos

37 1107 116 1162 lecem
136 1108 169 1160 ita
190 1107 341 1177 imperavit,
363 1115 391 1160 ut
410 1114 559 1161 consumtas
578 1125 660 1178 paene
675 1110 824 1178 provincias

39 1182 127 1254 agenti
139 1182 233 1235 virtute
243 1190 267 1234 et
277 1180 452 1235 moderatione
461 1182 631 1250 reparaverit:
643 1182 689 1252 qui
699 1182 825 1237 seditione

37 1255 142 1310 nilitum
159 1254 307 1308 interiectus
320 1261 371 1316 est,
389 1253 461 1324 quod
474 1254 680 1326 Mogontiacum,
697 1272 765 1327 quae
779 1255 826 1310 ad-

37 1347 120 1384 uersus
128 1346 191 1382 eum
201 1328 376 1390 rebellaverat,
388 1328 419 1381 L.
429 1327 537 1382 Aeliano
549 1345 589 1382 res
600 1345 682 1383 novas
692 1327 823 1394 moliente,

37 1402 203 1475 liripiendam
214 1403 343 1456 militibus
352 1400 452 1455 tradere
462 1401 597 1457 noluisset.
630 1403 690 1456 Post
698 1421 759 1457 eum
769 1404 826 1457 Ma·

37 1477 97 1543 ius,
114 1476 262 1532 vilissimus
274 1475 376 1547 opifex,
392 1493 535 1547 purpuram
549 1477 661 1547 accepit,
675 1485 701 1531 et
710 1477 826 1533 secundo

37 1551 70 1606 lie
81 1549 228 1605 interiectus
239 1557 286 1604 est.
317 1550 464 1605 Victorinus
474 1558 561 1621 postea
571 1550 717 1606 Galliarum
728 1552 825 1623 accepit

38 1625 230 1695 mperium,vir
238 1624 451 1678 strenuissimus:
472 1624 518 1678 sed
527 1641 588 1678 cum
599 1625 825 1680 nimiaelibidinis

37 1707 108 1764 asset,
128 1706 154 1752 et
167 1698 333 1752 matrimonia
351 1697 435 1753 aliena
454 1707 643 1768 perrumperet,
664 1699 826 1772 Agrippinae

37 1774 129 1828 ›ccisus
136 1780 183 1836 est,
190 1773 304 1826 actuario
312 1771 428 1844 quodam
439 1771 604 1827 machinante
613 1771 714 1837 dolum,
721 1772 825 1844 imperii

37 1847 71 1901 tui
81 1863 150 1901 anno
160 1846 284 1901 secundo.

84 1919 153 1976 Cae.
182 1920 219 1975 X.
248 1920 316 1975 Huic
339 1918 464 1973 successit
486 1919 602 1973 Tetricus
627 1928 742 1989 senator„
765 1936 823 1991 qur,

37 1994 198 2066 iquitaniam
218 1994 316 2049 honore
333 1993 461 2064 praesidis
479 1992 680 2058 administrans,
702 1993 826 2047 absensa

37 2068 160 2122 militibus
178 2068 317 2139 imperator
334 2066 431 2120 electus
448 2075 501 2131 est,
523 2075 549 2120 et
567 2067 638 2138 apud
656 2066 824 2140 Burdigalam

37 2159 174 2212 ourpuram
187 2142 297 2196 sumsit:
318 2140 457 2196 seditiones
471 2141 567 2196 multas
581 2141 695 2195 militum
709 2141 825 2212 pertulit.

37 2216 80 2270 led
89 2215 154 2269 dum
164 2216 227 2270 haec
236 2217 263 2270 in
274 2214 359 2270 Gallia
369 2222 506 2288 geruntur,
517 2215 545 2269 in
555 2213 660 2270 Oriente
668 2231 715 2285 per
724 2213 827 2269 Odena-

37 2289 105 2344 ;hum
116 2291 207 2344 Persae
217 2289 278 2344 victi
288 2296 364 2343 sunt:
385 2286 489 2342 defensa
499 2288 585 2362 Syria,
597 2296 695 2358 recepta
709 2288 827 2358 Mesopo·

37 2363 118 2427 amia,
130 2380 215 2435 usque
225 2364 258 2418 ad
268 2362 461 2433 Ctesiphontem
472 2361 624 2417 Odenathus
634 2361 788 2432 penetravit.

85 2437 155 2492 Car.
184 2438 232 2491 XI.
263 2439 312 2501 lta,
337 2436 457 2492 Gallieno
476 2436 664 2506 rempublicam
684 2436 825 2499 deserente,

37 2513 179 2566 llomanum
194 2511 336 2582 imperium
350 2511 377 2564 in
388 2509 527 2564 Occidente
540 2527 586 2580 per
596 2511 765 2574 Postumum,
781 2526 827 2580 per

37 2584 196 2640 Odenathum
206 2585 233 2639 in
243 2584 347 2640 Oriente
357 2591 489 2638 servatum
500 2591 548 2637 est.
587 2583 674 2656 (Vlll.)
690 2583 827 2639 Gallienus

37 2666 127 2713 interea
141 2658 280 2713 Mediolani
294 2675 355 2712 cum
366 2658 502 2712 Valeriano
517 2656 593 2712 fratre
602 2657 704 2712 occisus
713 2664 765 2721 est,
777 2657 829 2710 im-

37 2732 95 2802 perii
106 2750 175 2787 anno
185 2750 263 2797 nono,
275 2729 308 2858 Le.
320 2750 344 2786 c.
356 2751 381 2786 a.
392 2729 453 2804 aaa]
469 2731 680 2802 (Innocuosque
693 2731 716 2784 oi
726 2747 828 2785 succes-

37 2807 76 2871 sit,
93 2825 108 2861 a
123 2806 253 2861 militibus
267 2814 375 2868 sectus,
390 2822 404 2859 a
420 2813 511 2859 senatu
526 2804 670 2876 appellatus
680 2804 826 2877 Augustus.

37 2880 333 2955 lichtlros,lllyricum
343 2878 574 2950 Macedoniamque
583 2885 721 2943 vastantes,
729 2877 828 2949 ingenti

37 2954 128 3010 aroelio
141 2955 214 3009 vicit.
253 2956 349 3008 Parcus
366 2953 407 3007 vir
420 2970 451 3007 ac
464 2952 610 3015 modestus,
626 2960 651 3007 et
664 2951 727 3006 iusti
739 2959 826 3013 tenax,

37 3045 60 3084 ao
74 3028 233 3101 reipublicae
245 3026 375 3101 gerendae
388 3026 511 3083 idoneus:
531 3026 579 3098 qui
594 3034 680 3081 mmen
696 3024 764 3079 intra
779 3024 828 3078 im-
