1906 3330
374 549 491 597 menn
513 551 549 598 x.
828 547 861 597 89
914 522 919 531 ’

60 648 210 704 eundarum
225 648 391 720 aliquantum
404 649 607 705 Constantinum
621 666 654 703 ex
664 647 709 703 illa
724 647 860 704 favorabili

60 723 144 779 animi
158 722 287 777 docilitate
298 725 419 778 mutavit.
459 724 578 780 Primum
588 724 792 778 necessitudines
802 741 862 795 per-¹

61 805 176 863 secutus,
200 817 223 850 n.
235 815 259 852 c.
271 817 296 852 n.
308 795 369 870 ete]
382 797 467 853 filium
477 816 567 862 suum,
578 797 714 870 egregium
725 798 824 861 virum,
837 807 862 852 et

60 870 158 926 sororis
172 871 189 925 fi
202 871 272 936 ium,
287 870 438 926 commodae
455 872 551 926 indolis
565 874 702 936 invenem,
720 871 859 927 interfecit:

60 962 124 1000 mox
135 963 256 1013 uxorem;
277 956 336 1016 post
349 963 501 1000 numerosos
510 946 617 1001 amicos.

116 1018 186 1074 Cle.
207 1020 263 1073 VII.
284 1019 330 1075 Vir
338 1021 424 1090 primo
434 1020 537 1092 imperii
548 1028 662 1090 tempore
671 1021 778 1090 optimis
787 1022 862 1092 prin-

61 1093 180 1164 cipibus,
198 1093 290 1148 ultimo
308 1093 402 1147 mediis
420 1093 623 1164 comparandus.
662 1096 818 1149 innumerae
831 1095 859 1149 in

60 1185 92 1222 eo
115 1167 196 1220 animi
219 1168 388 1239 corporisque
410 1167 519 1223 virtutes
541 1167 699 1220 claruerunt.
740 1168 860 1222 Militaris

60 1240 160 1314 gloriae
172 1242 415 1313 appetentissimus,
430 1241 534 1296 fortuna
544 1241 572 1294 in
582 1241 659 1294 bellis
669 1258 790 1311 prospere
801 1241 860 1306 luit,

62 1332 156 1370 verum
174 1316 223 1379 ita,
247 1324 347 1370 utnon
367 1324 501 1385 superaret
519 1314 657 1369 industria.
698 1317 765 1369 Nam
784 1317 860 1369 etium

63 1388 175 1454 Gothos,
189 1397 250 1460 post
263 1389 340 1444 civile
352 1389 467 1454 bellum,
485 1390 557 1444 varie
574 1389 734 1462 profligavit,
750 1407 814 1460 pace
827 1389 861 1444 ad

63 1470 224 1534 postremum
230 1463 306 1531 'data3
325 1463 358 1537 [ιν.
370 1482 394 1519 c.
405 1483 431 1518 u.
443 1461 504 1538 ate]
525 1465 712 1537 ingentemque
722 1464 792 1534 apud
801 1464 863 1518 bar-

63 1537 141 1593 baras
152 1546 243 1611 gentes
258 1538 399 1592 memoriae
417 1537 529 1610 gratiam
548 1537 690 1592 collocavit.
731 1539 862 1594 Civilibus

64 1611 164 1666 artibus
182 1619 207 1666 et
225 1611 322 1666 studiis
341 1611 495 1667 liberalibus
515 1612 633 1678 deditus;
655 1612 782 1666 affectator
800 1613 866 1666 iusti

63 1685 169 1750 amoris,
181 1703 261 1757 quem
271 1686 344 1742 omni
353 1687 405 1740 sibi
415 1695 439 1741 et
449 1685 601 1741 liberalitate
610 1694 635 1740 et
644 1686 773 1740 docilitate
782 1703 863 1757 quae-

62 1758 138 1827 siuit;
159 1759 227 1814 sicut
238 1761 264 1814 in
276 1759 417 1815 nonnullos
426 1761 524 1814 amicos
533 1759 646 1824 dubius,
664 1761 696 1812 ita
712 1761 738 1814 in
748 1759 863 1831 reliquos

62 1833 198 1907 egregium
220 1834 287 1888 nibil
306 1835 473 1890 occasionum
489 1834 708 1906 praetermittens,
730 1851 784 1904 quo
797 1850 864 1904 opu·

64 1906 184 1963 lentiores
195 1925 239 1962 eos
248 1908 423 1981 clarioresque
430 1917 581 1980 praestaret.

119 1981 187 2038 Cae.
208 1983 276 2038 VIII.
296 1983 393 2038 Multas
402 1983 473 2056 leges
483 1984 597 2057 rogavit,
613 1982 742 2053 quasdem
751 1999 784 2035 ex
794 1982 864 2036 bono

64 2063 190 2128 eiusque,
202 2056 341 2129 pleresque
350 2058 505 2128 superfluas,
518 2057 659 2112 nonnullas
669 2075 783 2111 severas.
808 2057 864 2110 Pri-

64 2147 180 2203 musque
193 2131 287 2185 urbem
304 2133 420 2186 nominis
434 2133 477 2187 sui
491 2132 525 2187 ad
539 2139 640 2186 tantum
656 2130 791 2204 fastigium
804 2148 865 2184 eve-

64 2204 127 2261 here
139 2204 248 2260 molitus
261 2213 313 2270 est,
334 2214 363 2261 ut
376 2207 473 2261 Rornae
487 2206 618 2261 aemulam
635 2205 737 2259 laceret.
753 2203 785 2278 [r.
798 2222 822 2258 c.
836 2223 862 2257 u.

65 2276 127 2354 teu]
146 2279 249 2335 bellum
262 2279 390 2336 adversus
399 2281 507 2336 Parthos
518 2279 643 2344 moliens,
659 2280 707 2350 qui
718 2280 770 2333 iam
781 2279 865 2331 bleso-

10 2396 13 2427 3
65 2353 206 2425 potamiam
220 2354 377 2427 fatigabant.
397 2373 451 2410 uno
466 2364 491 2410 et
506 2355 641 2428 trigesimo
660 2370 729 2408 anno
749 2352 861 2422 imperii,

65 2428 156 2482 aetatis
168 2435 240 2482 sexto
249 2439 274 2482 et
283 2430 455 2501 sexagesimo,
471 2428 636 2484 Nicomediae
647 2429 674 2481 in
685 2426 748 2481 villa
758 2426 863 2497 publice

65 2502 139 2557 obiit.
153 2499 185 2575 [r.
196 2519 220 2556 c.
232 2520 257 2557 rr.
269 2501 329 2576 337.]
349 2504 505 2558 Denuntieta
520 2520 591 2557 mors
605 2503 662 2556 eius
672 2502 749 2556 etiam
760 2518 805 2572 per
815 2503 865 2552 cri-

66 2575 864 2650 uitamstellam‚quaeinusitataemagnitudinisaliquamdiu

67 2648 152 2703 lulsit:
173 2667 232 2704 eam
246 2650 337 2705 Graeci
351 2651 464 2722 κομήτην
478 2658 585 2706 vocent:
606 2658 685 2722 atque
704 2651 771 2704 inter
790 2649 866 2702 divos

67 2723 162 2778 meruit
172 2723 270 2778 referri.

121 2796 190 2852 Cer.
210 2799 258 2852 IX.
278 2797 330 2870 (V.)
349 2798 514 2853 Successores
525 2799 592 2854 lilios
602 2806 652 2852 tres
661 2796 777 2867 reliquit,
789 2805 867 2866 atque

67 2888 152 2926 unum
167 2870 253 2925 fratris
269 2872 369 2927 filium:
391 2890 485 2927 verum
504 2874 677 2928 Dinuarros
697 2871 791 2928 caesar
806 2888 866 2940 pro-

67 2945 194 3017 sperrima
210 2945 309 3012 indole,
325 2965 344 3001 n
379 2964 412 3000 ue
426 2953 519 3017 patruo
533 2945 676 3009 absimilis,
698 2945 770 2998 baud
784 2943 867 2997 multo

66 3027 126 3092 post
144 3036 284 3092 oppressus
303 3029 342 3076 est
374 3021 472 3077 actione
490 3020 612 3086 militari,
636 3017 668 3094 [r.
684 3036 709 3073 c.
725 3038 750 3072 n.
768 3015 829 3092 sss]
843 3027 868 3071 et
