1906 3330
10 39 188 173 Μ
368 74 487 167 bruun
503 120 527 167 1.
826 114 843 167 r

53 234 148 277 menos
166 217 275 289 uocepit,
296 219 478 293 Romanosque
496 236 573 290 saepe
593 218 665 275 vicit.
703 219 793 291 Usque
810 220 844 275 ed

53 294 179 367 quintum
188 292 341 348 milliarium
351 295 424 348 urbis
434 294 547 358 accessit,
558 300 756 366 oppugnaturus
766 294 843 348 etium

53 368 179 442 petriam,
197 367 300 440 legatiS,
316 370 362 440 qui
378 387 467 440 pacem
478 368 609 440 petebant,
622 369 775 439 repudiatis,
793 369 844 422 nisi

54 444 89 499 ad
100 460 162 497 eum
177 451 258 497 muter
268 444 370 498 Veturia
381 452 405 496 et
414 462 481 498 uxor
491 443 629 498 Volumnia
639 461 672 497 ex
683 444 747 497 urbe
757 443 845 497 venis·

55 525 126 583 seut,
142 535 255 589 quarum
267 515 327 571 fletu
341 527 366 571 et
378 518 553 589 deprecatione
567 526 716 587 superatus,
735 518 845 573 removit

55 592 208 648 exercitum,
246 591 331 663 Atque
342 593 385 647 bic
393 592 523 646 secundus
533 600 591 662 post
601 592 774 664 Tarquinium
784 591 842 657 fuit,

56 667 105 740 qui
116 666 172 720 dux
184 674 271 720 contre
282 667 392 737 patriam
405 684 479 720 suom
493 673 568 719 esset.

111 740 180 796 Cur.
200 741 270 795 xvl.
290 740 380 813 (XIV.)
399 740 511 795 Caesone
523 739 605 794 Fabio
618 747 642 794 et
656 740 713 793 Tito
728 741 846 812 Virginis

56 816 138 872 Coss.
151 812 186 890 [l.
197 834 223 870 u.
233 812 294 889 tiu]
305 815 409 869 trecenti
420 815 519 869 nobiles
529 814 712 885 homines‚qui
722 832 755 868 ex
764 815 845 869 Fabia

55 889 155 945 familie
169 896 254 955 erant,
269 899 356 944 contra
366 889 484 945 Veientes
498 887 597 943 bellum
606 888 654 943 soli
664 898 844 959 susceperunt,

55 964 232 1036 promittentes
247 964 347 1017 senatui
360 971 385 1017 et
399 963 509 1034 populo,
527 981 573 1034 per
586 981 614 1017 se
626 980 704 1017 omne
717 971 845 1018 certamen

56 1037 233 1110 implendum.
265 1039 354 1109 ltaque
364 1037 468 1109 profecti
478 1055 568 1092 omnes
579 1037 687 1102 nobiles,
699 1038 780 1109 etqui
790 1039 847 1091 siu-

55 1113 112 1187 guli
134 1129 291 1185 mugnorum
309 1113 468 1167 exercituum
487 1112 566 1166 duces
585 1130 641 1166 esse
659 1112 794 1176 deberent,
818 1113 845 1166 in

74 1186 154 1243 roelio
167 1186 342 1241 conciderunt.
383 1187 454 1241 Unus
468 1187 575 1241 omnino
588 1185 716 1257 superfuit
729 1205 762 1241 ex
776 1195 846 1241 teuta

55 1205 165 1326 llmilia,
176 1261 223 1332 qui
232 1268 335 1332 propter
344 1269 450 1315 aetutem
463 1261 588 1331 puerilem
598 1261 659 1313 duci
669 1278 720 1314 non
730 1268 847 1331 potuerat

56 1336 88 1391 ad
103 1353 232 1409 pugnem.
271 1337 330 1390 Post
344 1335 407 1389 baec
420 1352 513 1389 census
524 1337 551 1389 in
562 1335 626 1389 urbe
636 1334 741 1388 habitus
753 1343 806 1400 est,
821 1342 847 1389 et

56 1411 163 1467 iuventa
172 1417 234 1464 sunt
243 1409 341 1465 civium
350 1410 432 1481 capito
442 1409 528 1464 CXIX
538 1408 629 1473 millia,
641 1408 779 1464 CCCXIX.

110 1485 179 1541 Cur.
201 1485 282 1539 XVll.
303 1484 381 1557 (XV.)
400 1484 522 1556 Sequenti
537 1501 618 1547 anuo,
635 1500 695 1538 cum
711 1483 738 1537 in
752 1482 847 1556 Algido

57 1569 158 1624 monte,
174 1558 208 1614 ab
222 1559 288 1614 urbe
302 1558 455 1613 duodecimo
468 1558 548 1612 ferme
560 1557 696 1621 milliario,
714 1559 846 1613 Romanus

55 1634 217 1690 obsideretur
229 1633 369 1699 exercitus,
384 1635 415 1686 L.
430 1633 568 1699 Quinctius
582 1632 752 1689 Cincinnatus
766 1633 848 1688 dicta-

57 1718 96 1763 tor
109 1715 148 1761 est
161 1706 255 1773 luctus,
277 1705 312 1782 [Α.
323 1726 349 1763 u.
361 1705 421 1781 tlt]
435 1708 482 1778 qui
496 1725 589 1780 agrum
603 1716 715 1779 quatuor
725 1708 846 1781 iugerum

57 1781 206 1855 possidens,
227 1782 349 1836 manibus
362 1782 418 1837 suis
431 1782 539 1837 colebat.
577 1784 603 1837 Is
615 1799 676 1836 oum
691 1782 717 1836 in
733 1799 809 1853 opere
822 1790 847 1836 et

57 1875 134 1913 aruns
142 1865 209 1911 esset
218 1857 353 1921 inventus,
364 1856 459 1910 sudore
468 1856 581 1921 deterso,
593 1864 679 1930 togam
689 1865 846 1928 praetextum

57 1931 162 2003 occepit.
174 1938 208 1995 et,
218 1932 299 1986 caesis
308 1931 435 1996 hostibus,
448 1930 567 1985 liberavit
576 1931 729 1986 exereitum.

111 2006 180 2062 Cor.
191 2005 381 2078 XVlll.(XVl.l
390 2005 467 2061 Anno
476 2006 538 2061 CCC
547 2013 572 2060 et
581 2006 659 2060 altero
668 2006 701 2060 ab
711 2006 776 2061 urbe
785 2024 848 2061 oon-

56 2080 109 2135 dita
123 2080 264 2151 imperium
274 2080 408 2135 consulare
417 2080 539 2145 cessavit,
551 2088 631 2151 etpro
642 2079 747 2135 duobus
762 2081 846 2136 Coss.

57 2155 146 2211 decem
163 2154 222 2209 lecti
240 2162 316 2221 sunt,
334 2155 383 2227 qui
401 2172 534 2210 summam
547 2163 698 2226 potestatem
712 2156 845 2219 haberent,

58 2230 229 2285 Dscsuvmr
257 2230 392 2284 nominati.
431 2229 481 2284 Sed
504 2247 565 2284 cum
587 2230 673 2301 primo
694 2248 763 2284 suno
781 2230 848 2284 bene

57 2304 183 2391 egissent,
194 2303 307 2359 secundo
317 2321 387 2359 uuus
397 2321 429 2359 ex
440 2304 487 2369 iis,
497 2303 599 2375 Appius
609 2303 748 2367 Claudius,
760 2303 848 2376 Virgi-

57 2379 95 2433 mi
104 2378 257 2444 euiusdom,
271 2378 319 2451 qui
329 2379 445 2434 honestis
459 2379 512 2433 inm
525 2379 662 2449 stipendiis
675 2387 763 2434 contra
778 2378 848 2431 Lati-

58 2470 106 2509 nos
123 2453 152 2509 in
170 2460 257 2509 monte
270 2452 364 2527 Algido
381 2453 521 2519 militabat,
540 2454 623 2508 filiam
641 2453 771 2525 virginem
791 2469 847 2505 cor-

59 2544 178 2600 rumpere
199 2527 294 2594 voluit3
317 2545 399 2600 quam
416 2536 489 2600 pater
509 2528 616 2593 occidit,
637 2545 670 2582 no
691 2534 812 2597 stuprum
832 2544 846 2581 a

59 2600 204 2658 decemviro
220 2603 371 2669 sustineret,
391 2610 416 2658 et
433 2620 566 2678 regressus
583 2602 616 2658 ad
634 2599 744 2667 milites,
765 2601 848 2655 movit
