1906 3330
380 565 496 611 LIBER
514 565 571 613 ΠΙ.
842 565 875 616 59

74 661 150 737 quali
164 661 228 718 olim
243 663 318 718 Troia
332 671 406 734 capta
419 671 525 719 arserat.
541 662 573 738 [n.
585 683 609 720 c.
621 685 647 719 u.
658 663 706 740 fit]
726 668 756 720 ln
767 685 794 721 re
804 668 876 722 mili-

74 739 125 794 tari
135 738 203 792 nihil
213 739 322 791 omnino
331 739 588 802 ausus‚Britanniam
598 756 680 810 paene
689 741 786 795 amisit.
807 743 875 796 Nam

75 812 131 867 duo
145 813 196 866 suh
211 812 260 866 hoo
272 810 435 866 nobilissima
444 813 540 882 oppida
550 820 622 884 capta
634 813 688 866 illie
697 821 775 885 atque
785 832 875 870 eversa

77 893 153 940 sunt:
174 885 327 940 Armeniam
342 886 429 939 Parthi
443 886 621 951 sustulerunt,
643 887 811 960 legionesque
824 890 876 944 llo-

76 976 169 1014 manas
193 959 244 1013 sub
268 961 363 1030 iugum
385 960 524 1014 miserunt.
563 962 635 1014 Duae
656 968 742 1015 tamen
766 962 876 1033 provin·

76 1033 131 1088 uiae
149 1033 201 1087 sub
218 1049 248 1088 eo
265 1031 346 1086 sactae
363 1039 438 1098 sunt,
461 1035 559 1087 Pontus
579 1032 789 1100 Polemoniacus,
812 1053 875 1090 oon-

76 1107 183 1236 fflente
201 1124 262 1180 rege
280 1105 431 1172 Polemone,
451 1115 476 1161 et
488 1106 568 1178 Alpes
582 1107 691 1173 Cottiae,
713 1108 796 1164 Cottio
814 1128 875 1183 rege

121 1188 208 1236 uncto.

132 1288 202 1344 Cur.
222 1288 282 1343 XV.
302 1289 351 1342 Per
362 1287 427 1342 haee
440 1288 558 1342 Romano
571 1288 628 1343 orbi
643 1287 824 1354 exsecrabilis,
841 1290 875 1344 ab

76 1363 203 1418 omnibus
216 1361 296 1416 simul
306 1362 458 1427 destitutus,
474 1369 499 1416 et
509 1381 524 1416 a
533 1371 625 1417 senatu
637 1363 720 1418 hostis
733 1362 873 1428 iudioatus‚

76 1454 139 1492 oum
152 1445 319 1508 quaereretur
332 1436 365 1490 ad
374 1453 500 1508 poenam,
516 1435 592 1508 (quae
601 1455 684 1509 poena
693 1446 747 1492 erat
756 1437 829 1502 talis,
845 1446 876 1491 ιιι

77 1511 167 1566 nudus
182 1528 227 1582 per
240 1510 378 1581 publicum
392 1511 501 1574 ductae,
517 1509 589 1565 furca
602 1511 680 1582 capiti
695 1512 752 1566 eius
768 1512 873 1576 inserta,

79 1585 161 1657 virgis
175 1601 261 1656 usque
275 1584 308 1638 ad
318 1592 427 1644 mortem
438 1585 598 1650 caederetur,
615 1594 693 1656 atque
703 1586 738 1639 ita
748 1585 876 1656 praecipi-

76 1666 175 1714 taretur
184 1659 216 1712 de
225 1659 297 1732 saxo)
307 1676 320 1712 e
330 1658 426 1729 palatio
435 1657 512 1730 fugit,
519 1664 544 1711 et
553 1661 581 1710 in
590 1659 744 1713 suburbano
753 1677 781 1713 se
790 1659 875 1712 liberti

76 1733 130 1798 sui,
141 1732 214 1803 quod
224 1732 289 1787 inter
298 1732 423 1787 Salariam
433 1739 458 1786 et
468 1733 658 1786 Nomentanam
671 1732 741 1786 viam
752 1732 785 1786 ad
794 1749 876 1803 quar-

77 1815 135 1862 tum
153 1806 228 1861 urbis
246 1805 414 1870 milliarium,
434 1804 570 1859 interfecit.
608 1805 763 1860 aedificavit
779 1807 876 1859 Romae

77 1882 206 1945 thermas,
218 1898 285 1951 quae
295 1889 354 1935 ante
363 1879 524 1934 Neronianae
534 1878 625 1944 dictae,
639 1896 711 1934 nune
719 1878 876 1933 Alexandri-

77 1953 309 2026 naeappellantur.
346 1955 418 2010 Obiit
429 1954 564 2027 trigesimo
573 1963 598 2008 et
608 1953 686 2008 altero
696 1953 785 2007 aetatis
795 1971 873 2017 auno,

88 2050 111 2084 r.
123 2048 147 2085 e.
158 2049 184 2083 ιι.
196 2027 242 2101 ee]
258 2029 361 2099 imperii
377 2037 470 2100 quarto
485 2028 601 2094 decimo,
617 2035 696 2101 atque
710 2026 737 2083 in
747 2045 778 2083 eo
787 2027 874 2084 omnis

87 2103 177 2158 emilia
186 2102 299 2176 Augusti
309 2110 445 2159 eonsumta
453 2110 502 2157 est.

132 2221 202 2276 Car.
227 2221 299 2276 XVI.
324 2218 379 2291 (X.)
408 2220 475 2274 Huio
492 2219 600 2274 Servius
619 2219 721 2274 Gaura
739 2218 873 2281 suoeessit,

78 2294 278 2366 antiquissimae
292 2294 434 2348 nobilitatis
448 2302 564 2357 senator,
581 2311 642 2347 oum
652 2291 876 2364 septuagesimum

77 2368 535 2441 ettertiumannumegeretaetatis.
574 2367 748 2437 Abllispanis
758 2373 783 2420 et
792 2364 876 2420 Gallis

78 2444 219 2515 imperator
237 2442 347 2506 electus,
369 2458 433 2496 mox
451 2443 485 2496 ab
499 2441 624 2496 universo
638 2439 752 2494 exercitu
768 2439 877 2493 libenter

79 2523 208 2588 aceeptus.
248 2518 315 2569 Nam
329 2515 430 2587 privata
444 2516 502 2570 eius
516 2515 569 2569 vita
584 2514 698 2586 insignis
713 2512 878 2568 fueratmili-

79 2592 179 2645 taribus
198 2597 223 2644 et
242 2589 367 2644 civilibus
385 2590 482 2657 rebus;
513 2606 589 2658 saepe
608 2587 713 2651 oonsul,
735 2605 812 2657 saepe
830 2603 877 2655 pro

79 2665 199 2728 consule,
216 2662 365 2735 frequenter
378 2663 434 2717 dux
450 2663 476 2717 in
491 2662 657 2735 gravissimis
666 2661 752 2715 bellis.
792 2660 877 2712 Huius

78 2739 158 2794 breve
168 2739 308 2808 imperium
318 2736 377 2802 fuit,
390 2745 415 2792 et
423 2736 495 2807 quod
505 2736 572 2790 bona
583 2736 688 2790 haberet
697 2732 812 2796 exordia,
825 2729 877 2784 nisi

79 2813 112 2868 ad
133 2813 295 2867 severitatem
315 2811 468 2883 propensior
486 2810 628 2864 videretur.
666 2807 773 2862 Insidiis
791 2813 877 2858 tamen

80 2886 191 2941 Othonis
204 2886 306 2940 oooisus
319 2893 371 2949 est,
384 2884 488 2956 imperii
498 2901 588 2939 mense
597 2882 720 2954 septimo;
742 2878 878 2952 iugulatus

80 2961 107 3015 in
123 2960 178 3015 loro
193 2961 302 3023 Romae,
324 2959 496 3031 sepultusque
509 2958 536 3012 in
557 2958 639 3011 hortis
657 2955 727 3019 suis,
748 2953 795 3025 qui
816 2959 879 3007 sunt

81 3034 186 3090 Aurelia
196 3034 239 3091 via
249 3052 302 3089 non
312 3033 389 3103 longe
399 3034 432 3088 ab
441 3032 507 3088 urbe
516 3034 608 3086 Roma.
620 3028 654 3106 [r.
665 3047 690 3084 c.
701 3048 726 3084 n.
737 3025 787 3102 ee]
