1906 3330
286 556 400 601 LIBER
420 553 453 601 Ὺ.
734 547 762 601 ll

50 654 108 710 avit
118 671 170 709 non
180 653 258 726 longe
266 653 386 724 aCapua.
398 651 465 728 [au.
474 647 535 726 tou]
549 652 617 705 Tum
627 652 674 706 Vll
684 650 768 707 millia

50 727 148 792 recidit,
166 728 200 783 Vl
215 726 299 781 millia
318 727 400 798 cepit,
420 727 531 781 CXXIV
542 743 652 780 suorum
669 726 767 780 amisit.

50 801 342 872 etiamadScipionemse
351 801 486 865 convertit,
493 808 518 854 et
527 798 770 870 anteproeliumto-

50 875 96 929 ius
105 876 247 928 exercitum
256 875 314 929 sine
322 874 451 946 sauguine
460 873 488 928 in
498 873 768 944 deditionemaocepit.

52 967 95 1003 ar.
114 948 182 1003 Vlll.
201 948 323 1002 Sedcum
334 948 430 1002 Rornae
440 948 532 1001 mutati
542 946 662 1002 consules
672 954 767 1011 essent,

51 1040 86 1085 rs,
108 1022 183 1075 Marii
204 1021 289 1085 lilius,
314 1039 345 1076 ac
361 1021 482 1092 Papirius
501 1021 586 1075 Carbo
603 1019 769 1075 consulatum

51 1096 144 1158 issent,
163 1094 198 1169 [a.
214 1114 239 1150 u.
256 1105 306 1148 olo.
332 1094 405 1149 Sulla
419 1102 508 1148 contra
517 1095 630 1148 Marium
641 1095 769 1148 iuniorem

51 1169 121 1233 avit,
138 1177 175 1232 et,
192 1169 246 1221 XX
260 1167 306 1221 mil
320 1168 379 1222 ibus
388 1169 445 1222 eius
454 1167 560 1231 occisis,
578 1167 661 1223 CCCC
671 1167 704 1222 de
713 1168 770 1222 suis

51 1243 96 1296 dit.
135 1243 196 1295 Mox
210 1243 288 1295 etiam
303 1243 396 1296 urbem
409 1242 544 1314 ingressus
559 1248 606 1294 est.
645 1241 768 1305 Marium,

70 1316 169 1380 filiurn,
190 1317 353 1370 Praenestem
374 1323 538 1387 persecutus,
559 1312 672 1379 obsedit,
694 1323 720 1368 et
737 1313 772 1368 ad

51 1408 83 1443 nn
93 1389 229 1461 compulit.
245 1391 347 1444 Rursus
355 1407 474 1465 pugnarn
483 1388 667 1462 gravissimam
678 1387 771 1442 habuit

51 1464 246 1518 aLanabonium
256 1463 529 1528 etCarinatem,duoes
539 1463 620 1535 partis
630 1462 768 1526 Marianae,

51 1546 122 1592 ›rtarn
136 1536 275 1592 Collinam.
314 1538 390 1591 LXX
404 1536 486 1592 millia
501 1538 617 1592 hostiurn
633 1536 660 1590 iu
674 1535 772 1607 proelio

51 1630 63 1666 a
82 1610 184 1666 Sullam
202 1610 283 1665 luisse
302 1611 439 1679 dicuntur3
464 1612 515 1666 XII
534 1610 616 1664 millia
637 1628 665 1665 se
683 1609 772 1664 Sullae

51 1688 142 1749 lerunt,
155 1689 230 1739 ceteri
241 1686 268 1740 iu
279 1686 342 1749 acie,
355 1688 383 1740 in
392 1685 492 1748 castris,
507 1685 535 1739 in
544 1684 616 1757 luga,
630 1682 772 1738 insatiabili

51 1760 139 1813 ‘icteris
152 1759 283 1814 consumti
298 1766 370 1813 sunt.
409 1758 472 1830 (Vl.)
491 1757 540 1812 Cu.
556 1773 662 1829 quoque
676 1757 769 1820 Carbo,

65 1832 136 1896 alter,
149 1833 182 1887 ab
192 1833 312 1888 Arimino
321 1833 354 1887 ad
364 1832 481 1887 Siciliam
492 1830 568 1904 sugit,
579 1838 605 1885 et
617 1831 654 1883 ibi
664 1847 711 1901 per
720 1829 770 1884 Cu.

51 1907 130 1960 seium
149 1906 296 1961 interiectus
315 1915 366 1973 est3
393 1923 472 1978 quern
492 1905 680 1960 adolescentem
698 1901 772 1958 Sulla

51 1998 150 2034 raunos
164 1998 249 2034 unum
263 1989 288 2034 et
303 1981 397 2054 viginti
412 1988 518 2046 natum,
536 1980 638 2053 cognita
656 1977 714 2032 eius
731 1976 773 2032 iu·

53 2055 90 2118 ia,
105 2053 207 2108 traditis
221 2056 378 2109 exercitibus
392 2054 559 2126 praebuerat,
577 2062 606 2108 ut
615 2051 772 2107 secuudusa

58 2129 206 2182 baberetur.

57 2221 100 2257 aa.
118 2203 167 2256 IX.
188 2202 279 2257 Occiso
294 2220 356 2276 ergo
370 2202 488 2257 Carbone
502 2201 618 2257 Siciliam
632 2200 773 2270 Pompeius

53 2276 81 2330 it.
120 2277 311 2349 Transgressus
330 2276 391 2331 inde
410 2277 444 2330 ad
465 2276 594 2340 Africam,
617 2274 770 2338 Domitium,

52 2367 107 2405 urae
116 2350 197 2421 partis
207 2350 310 2414 ducem,
319 2360 344 2404 et
353 2351 486 2413 Hiarbam,
494 2368 580 2423 regern
591 2346 770 2410 Mauritaniae,

51 2424 147 2480 omitia
157 2423 288 2478 auxilium
299 2423 402 2489 ferebat,
414 2424 517 2479 occidit.
556 2426 616 2477 Post
625 2422 689 2476 haec
699 2419 734 2495 [a.
746 2439 772 2476 o.

59 2497 131 2552 Sulla
152 2498 185 2552 de
202 2498 351 2553 Mithridate
369 2498 468 2571 ingenti
487 2497 570 2570 gloria
590 2495 773 2566 triumphavit.

52 2573 120 2626 etiam
132 2572 285 2643 Pompeius,
299 2572 371 2644 quod
380 2571 447 2626 nulli
458 2573 634 2626 Romanorum
645 2570 772 2623 tributum

61 2654 185 2718 quartum
199 2652 224 2699 et
237 2646 291 2699 XX
303 2663 405 2700 annum
420 2663 515 2717 agens,
530 2644 563 2698 de
576 2642 663 2697 Africa
680 2642 775 2696 trium-

52 2721 78 2773 it.
88 2716 223 2794 [auara]
232 2720 308 2773 Hunc
317 2719 396 2773 finem
404 2720 554 2773 babuerunt
562 2717 614 2772 duo
624 2715 690 2770 bella
699 2713 779 2774 funef

52 2812 106 2858 ma;
129 2792 255 2857 ltalicum,
267 2793 339 2863 quod
349 2801 373 2846 et
381 2793 479 2847 Sociale
488 2792 588 2846 dictum
598 2797 677 2853 est,et
685 2786 771 2848 civile,

57 2868 135 2921 ambo
144 2876 221 2921 tracta
230 2876 292 2921 sunt
301 2885 347 2937 per
356 2885 439 2921 annos
448 2867 547 2920 decem.
568 2865 775 2919 Consumserunt

64 2941 106 2996 CL
126 2940 210 2994 millia
230 2941 386 3007 bominum
417 2944 488 2994 viros
506 2937 655 2993 consulares
672 2934 772 2998 XXIV,

52 3016 119 3070 orios
130 3015 185 3080 Vll,
197 3014 324 3069 aedilitios
335 3015 392 3078 LX,
405 3022 534 3067 senatores
544 3011 595 3066 lere
603 3010 656 3064 CC.

285 3113 474 3140 uno-.-
