1906 3330
114 166 146 218 90
415 169 605 215 EUTROPII

114 269 272 333 Constantio,
287 267 402 340 patruele
411 286 469 334 suo,
482 269 584 323 sinente
591 266 688 338 potius,
700 282 783 338 quam
793 264 905 321 iubente.

114 344 345 400 Cousraurrnun
372 360 461 414 porro,
481 342 554 397 fratri
573 341 673 396 bellurn
695 339 866 405 inferentem,
883 346 907 393 et
951 341 953 346 '

114 417 185 489 apud
208 416 357 488 Aquileiam
386 415 560 472 inconsultius
586 413 715 489 proelium
744 428 905 488 aggressum,

115 492 263 547 Constantis
275 490 354 544 duces
364 490 558 545 interemerunt.
597 491 634 543 lta
645 487 792 558 respublica
802 487 837 542 ad
845 486 908 541 duos

115 568 248 636 Augustos
268 564 377 618 redacta.
404 563 441 638 [e.
461 582 485 619 c.
505 584 531 617 n.
551 561 616 637 tto]
650 562 835 616 Consranrrs
862 560 909 615 im-
940 580 945 589 ·

115 640 219 710 perium
238 646 375 692 strenuum
400 636 565 710 aliquamdiu
583 644 608 690 et
631 636 731 689 iustum
755 635 820 702 iuit3
851 650 910 690 mox

115 730 177 766 eum
200 720 225 765 et
243 711 392 766 valetudine
410 712 570 781 improspera
589 717 614 764 et
635 709 727 763 amicis
746 709 911 779 pravioribus

115 794 244 850 uteretur,
262 785 295 839 ad
308 787 399 859 gravia
414 786 475 840 vitia
492 801 647 848 conversus,
667 800 729 837 oum
742 782 912 838 intolerabilis

116 860 335 932 provincialibus,
360 859 490 913 militibus
512 858 674 913 iniucundus
694 864 774 922 esset,
805 856 913 913 faotione

116 934 259 1006 Magnentii
275 934 377 987 occisus
393 941 442 988 est.
460 930 492 1007 [a.
504 951 529 986 o.
540 952 565 986 a.
577 929 637 1005 tao]
663 930 736 985 Obiit
750 931 824 986 haud
837 930 913 1005 longe

118 1009 151 1062 ab
161 1008 295 1078 Hispaniis
306 1008 333 1060 in
344 1014 436 1071 castro,
449 1006 491 1060 eui
501 1005 612 1060 Helenae
622 1022 717 1059 nomen
726 1013 774 1069 est,
786 1007 914 1059 annoim·

117 1083 184 1152 perii
203 1081 444 1150 decimoseptimo,
464 1080 553 1134 aetatis
567 1079 714 1152 trigesimo:
734 1079 816 1133 rebus
828 1087 913 1133 nmen

119 1154 242 1225 plurimis
262 1161 368 1206 strenue
386 1154 414 1206 in
433 1153 526 1207 militia
549 1154 643 1226 gestis,
668 1152 850 1224 exercituique
871 1168 915 1224 per

119 1244 197 1281 omne
209 1230 274 1281 vitae
283 1234 386 1297 tempus
396 1227 454 1281 sine
463 1227 538 1301 gravi
548 1226 698 1280 crudelitate
707 1226 844 1281 terribilis.

174 1301 242 1356 Car.
263 1302 299 1354 Χ.
320 1301 382 1374 (VI.)
406 1303 513 1356 Diversa
532 1300 712 1356 Consranrrr
735 1299 842 1355 fortuna
858 1298 914 1354 fuit.

119 1376 143 1431 Α
157 1378 242 1430 Persis
256 1376 328 1430 enim
342 1375 424 1430 multa
439 1384 464 1430 et
477 1375 568 1448 gravia
582 1391 735 1444 perpessus,
751 1390 830 1446 saepe
838 1372 917 1445 capta

120 1450 238 1521 oppidis,
253 1450 366 1504 obsessis
377 1450 502 1514 urbibus,
517 1448 779 1516 oaesisexeroitibus;
800 1447 918 1503 nullum·

120 1542 173 1595 que
189 1525 212 1578 ei
231 1531 319 1578 contra
334 1522 457 1593 Saporem
471 1540 626 1593 prosperum
638 1520 768 1593 proelium
782 1520 848 1590 luit3
869 1518 917 1577 nisi

121 1598 193 1668 quod
213 1597 284 1667 apud
297 1597 436 1668 Singaram
456 1596 528 1650 baud
542 1596 652 1650 dubiam
672 1596 807 1650 victoriam
827 1594 918 1650 ferocia

121 1672 237 1724 militum
253 1670 353 1733 amisit,
370 1668 403 1742 [a.
413 1687 438 1723 c.
450 1688 475 1723 n.
487 1667 548 1742 tlt]
568 1670 615 1741 qui
629 1687 748 1742 pugnum
761 1670 884 1724 seditiose
895 1676 918 1723 et

122 1744 228 1807 stolide,
245 1751 332 1796 contra
351 1744 477 1797 rationem
492 1742 568 1807 belli,
583 1743 627 1797 die
642 1745 695 1797 iam
709 1744 860 1815 praecipiti,
875 1758 920 1814 po-

121 1826 270 1887 poscerunt.
310 1819 371 1872 Post
381 1817 529 1871 Constantis
539 1835 639 1882 neoem,
651 1818 799 1890 Magnentio
808 1817 917 1879 ltaliam,

121 1890 251 1955 Africam,
268 1890 379 1955 Gallias,
394 1891 539 1956 obtinente,
554 1891 778 1963 etiamlllpricrrm
788 1906 919 1945 resnovae

122 1963 230 2029 habuit,
248 1962 280 2037 [r.
291 1983 315 2017 c.
327 1984 349 2018 a.
362 1963 421 2038 teo]
440 1966 636 2019 Vernanronr
657 1965 691 2018 ad
705 1965 848 2036 imperium
861 1981 919 2019 oon-

122 2054 204 2092 sensu
218 2038 333 2091 militum
348 2038 441 2106 eleeto,
462 2057 541 2110 quern
552 2039 732 2111 grandaevum
745 2039 812 2103 iam,
823 2048 850 2093 et
858 2054 921 2093 cun·

122 2112 171 2166 otis
182 2112 322 2167 amabilem
331 2112 501 2167 diuturnitate
509 2121 534 2166 et
543 2112 662 2166 felicitate
672 2113 790 2177 militiae,
805 2112 840 2166 ad
849 2120 921 2167 tuen·

123 2183 189 2239 dum
203 2185 352 2257 illyricum,
367 2188 513 2258 principem
523 2193 689 2252 creaverunt3
711 2186 801 2240 virum
810 2187 921 2257 probum

123 2267 149 2313 et
159 2278 263 2314 morum
275 2266 401 2325 veterum,
414 2279 444 2314 ao
453 2261 583 2315 iucundae
593 2260 734 2323 civilitatis,
746 2260 793 2314 sed
802 2260 921 2315 omnium

124 2331 276 2388 liberalium
291 2334 387 2387 artium
401 2343 532 2405 expertem
547 2334 624 2398 adeo,
641 2341 671 2387 ut
686 2351 718 2387 ne
727 2333 856 2389 elementa
865 2332 922 2405 qui-

124 2407 185 2461 dem
197 2410 281 2478 prima
292 2408 434 2472 literarum,
443 2408 494 2461 nisi
503 2407 669 2482 grandaevus
678 2414 702 2461 et
713 2408 765 2462 iam
776 2409 921 2480 imperator,

125 2484 262 2536 accererit.

182 2502 251 2611 dae.
273 2556 321 2609 Xl.
342 2555 393 2610 Sed
403 2573 417 2609 a
428 2555 587 2620 Constantio,
598 2556 646 2627 qui
656 2555 689 2610 ad
699 2553 826 2610 ultionem
837 2555 925 2612 irater·

129 2646 177 2683 nae
200 2630 270 2684 noeis
293 2629 392 2686 bellum
410 2630 488 2686 civile
505 2638 693 2697 commoverat,
714 2630 872 2705 derogatum
889 2636 925 2685 est
