1906 3330
33 154 66 207 72
111 225 112 228 Ἴ
335 157 526 204 nurnorrr

33 256 214 329 philosophiae
233 257 369 312 solentiam
383 257 417 313 ad
431 257 541 330 plenum
555 256 675 331 adeptus.
713 256 837 313 Novissi-

33 350 108 386 mum
127 331 227 386 bellum
243 332 271 386 in
285 332 419 387 Britannia
434 332 541 398 habuit,
560 329 594 407 [r.
605 349 630 387 c.
641 350 668 387 rr.
678 328 742 405 lte]
753 338 838 405 ntqm

33 414 147 477 receptas
156 406 305 477 provincias
313 406 386 461 omni
396 406 532 461 securitate
540 405 663 471 muniret,
677 403 780 461 vallum
788 422 837 477 per

32 480 139 535 XXXII
153 479 236 533 millia
252 497 380 550 passuum
395 499 410 535 a
423 480 490 535 mari
501 479 533 534 ad
544 498 615 535 mare
625 479 747 535 deduxit.
785 480 838 535 lto-

33 556 111 608 cessit
123 554 233 608 Eboraci
252 554 395 609 admodum
410 572 505 619 senex,
523 553 556 628 [r.
571 573 596 609 c.
612 573 637 609 r.
652 551 716 682 aaa}
729 552 837 626 imperii

34 645 103 683 anno
112 635 185 682 sexto
194 628 304 693 decimo,
316 646 406 683 mense
415 631 497 693 tertio,
508 637 532 682 et
541 628 621 683 divus
630 627 706 699 appel
717 636 778 683 atus
785 634 836 683 est.

33 702 115 756 Filios
130 702 197 756 duos
210 720 371 757 successores
385 703 504 775 reliquit,
520 703 676 757 Bassianum
690 710 715 756 et
724 701 835 759 Getam:

34 776 80 830 sed
94 777 218 831 bassiano
233 778 358 833 Antonini
374 794 469 832 nomen
483 794 498 830 a
512 784 604 831 senatu
619 775 702 831 voluit
721 776 835 848 imponi.

34 852 125 922 ltaque
147 851 233 905 dictus
257 860 296 906 est
314 853 350 908 bl.
371 851 495 907 Aurelius
512 851 662 905 Antoninus
680 851 835 917 Bassianus,

34 927 155 997 patrique
165 926 297 980 successit.
338 927 405 980 Nam
416 926 489 990 Geta,
505 923 589 979 hostis
599 923 723 996 publious
733 924 838 981 iudiea-

34 1007 87 1064 ωε,
98 999 233 1054 confestim
243 999 330 1069 periit.

90 1073 159 1128 Car.
180 1073 243 1126 XX.
263 1072 330 1144 (Xl.)
354 1073 480 1126 blancus
499 1074 581 1145 igitur
599 1072 755 1127 Acancrus
774 1072 837 1127 An-

35 1165 160 1201 rouruns
178 1147 356 1210 bassianus,
379 1145 502 1217 idemque
515 1147 707 1211 Cluacinae,
728 1163 837 1203 morum

35 1219 88 1274 iere
101 1228 267 1290 paternorum
278 1218 342 1285 luite
362 1219 453 1291 paullo
461 1220 576 1292 asperior
585 1227 611 1273 et
620 1220 721 1275 minax.
761 1220 837 1292 Opus

35 1295 133 1348 Romae
151 1294 288 1368 egregium
303 1294 362 1349 iecit
376 1294 487 1359 lavacri,
501 1311 571 1366 quae
584 1293 777 1349 Antoninianae
789 1311 838 1367 ap-

35 1368 179 1440 pellantur;
200 1368 266 1423 nibil
277 1377 406 1440 praeterea
416 1368 594 1424 memorabile.
623 1369 765 1439 Impatiens
774 1367 837 1423 libi·

35 1444 120 1508 dinis,
137 1451 167 1497 ut
180 1444 227 1515 qui
242 1461 381 1498 novercam
395 1461 472 1497 suam
487 1441 583 1497 Iuliam
597 1459 705 1497 uxorem
719 1440 836 1499 duxerit.

36 1516 178 1573 Defunctus
191 1525 230 1570 est
241 1518 267 1571 in
278 1516 410 1572 Osdroene
419 1516 490 1587 apud
500 1516 641 1581 Edessam,
656 1515 690 1591 [r.
699 1534 726 1571 c.
736 1535 762 1571 n.
774 1512 837 1603 m]

36 1591 148 1646 moliens
160 1590 302 1645 adversum
314 1590 421 1644 Partbos
431 1590 637 1661 expeditionem,
652 1607 723 1645 anno
731 1590 837 1663 imperii

36 1665 82 1720 vl.
90 1682 180 1718 mense
191 1665 223 1717 ll.
235 1664 281 1717 vix
290 1681 411 1736 egressus
422 1665 510 1718 aetatis
520 1665 603 1719 XLIll
613 1681 728 1731 annum3
745 1662 838 1721 funere

37 1737 144 1810 publico
153 1737 237 1791 elatus
247 1746 295 1791 est.

92 1813 161 1868 Car.
188 1812 262 1865 XXl.
287 1811 375 1884 (ΧΠ.)
404 1809 529 1866 Oramus
553 1811 647 1866 deinde
666 1812 835 1877 Macrinus,

36 1888 84 1959 qui
103 1886 246 1958 praelectus
266 1886 392 1956 praetorio
411 1894 478 1949 erat,
500 1903 561 1939 oum
580 1885 634 1939 silio
653 1885 838 1941 Draocunro

36 1961 96 2016 lacti
113 1962 293 2030 imperatores,
310 1960 377 2014 nihil
393 1959 560 2014 memorabile
571 1977 605 2014 ex
615 1959 837 2030 temporisbrevi-

36 2042 243 2106 tategossorunt.
277 2036 344 2090 Nam
355 2034 497 2104 imperium
507 2050 598 2088 eorum
607 2033 693 2088 duum
702 2034 837 2089 mensium

36 2118 62 2163 et
72 2109 153 2162 unius
163 2109 225 2161 anni
236 2106 296 2162 luit.
310 2109 442 2162 Seditione
451 2108 556 2162 militari
567 2108 645 2162 ambo
654 2107 751 2179 pariter
759 2107 836 2163 occisi

36 2190 110 2238 sunt.
133 2191 289 2236 r.c.rr.218.

92 2180 162 2311 Clo.
183 2255 269 2308 XXll.
285 2178 375 2327 (lllll.)
395 2254 675 2325 Creatusestposthos
684 2255 722 2309 bl.
736 2255 839 2311 Acar·

37 2348 103 2385 aros
123 2330 303 2384 Aurorunns.
333 2330 380 2382 llic
390 2330 515 2383 Antonini
525 2328 670 2383 Caracallae
680 2328 752 2383 lilius
763 2338 839 2401 puta·

35 2402 128 2459 batur:
150 2402 269 2458 sacerdos
280 2411 367 2457 autem
378 2403 538 2477 Heliogabali
549 2402 638 2473 templi
648 2410 712 2457 erat.
742 2404 837 2457 lscurn

35 2475 148 2532 llomam
172 2478 271 2550 ingenti
293 2485 318 2531 et
342 2476 457 2531 militum
479 2486 503 2532 et
523 2484 629 2531 senatus
647 2478 839 2548 excruciatione

35 2552 165 2615 venisset,
183 2552 286 2623 probris
302 2569 330 2605 so
344 2552 469 2605 omnibus
483 2551 679 2606 contaminavit.
720 2550 838 2622 lmpudi-

35 2623 144 2680 cissime
159 2634 183 2679 et
197 2626 384 2681 obscenissime
399 2625 480 2690 vixit,
499 2624 658 2697 biennioque
671 2632 767 2695 postet
781 2624 838 2680 Vlll

410 2898 516 2951 ἢ

785 90 789 97 -
860 40 882 141 i,
