1906 3330
85 167 118 219 34
386 169 577 216 EUTROPII

84 269 195 343 populos
208 268 360 334 concitavit,
378 277 406 323 ut
420 277 530 324 assertor
543 278 631 324 contra
646 269 776 324 Romanos
786 269 885 343 Hispa-

85 347 143 400 niae
157 351 301 417 pntaretur.
339 343 373 398 Et
386 360 448 398 oum
459 342 631 398 interfectores
641 343 698 397 eius
707 345 885 414 praemiuma

85 419 213 490 Caepione
230 415 337 472 consule
355 424 482 488 peterent,
504 434 660 488 responsum
678 425 729 482 est,
748 435 886 488 nunquam

86 495 207 548 Romania
213 495 351 558 placuisse,
357 495 538 559 imperatorem
547 495 885 562 acuiamilitibuaiaterfice‘.

140 566 208 620 Car.
229 565 312 620 XVII.
333 565 419 636 (vul.)
439 565 472 631 Q.
493 565 632 635 Pompeius
649 565 743 619 deinde
761 565 886 621 consula

85 642 109 693 N
115 656 290 704 uuanrmrs,
311 656 380 711 quae
397 638 537 710 Hispaniae
555 639 647 692 civitas
666 637 716 692 iuit
737 638 887 709 opulentis·

86 715 167 778 sima,
188 721 339 784 superatus,
361 710 396 787 [r.
415 731 442 768 u.
461 710 521 786 otc]
539 729 629 783 pacem
649 712 792 786 ignobilem
811 715 885 769 fecit.

86 789 146 841 Post
155 805 216 840 eum
227 787 258 841 C.
268 787 394 841 Hostilius
403 786 542 840 Mancinus
550 786 618 842 Cos.
631 783 666 861 [a.
677 805 703 842 a.
715 784 776 860 trs]
788 787 887 843 iterum

86 878 148 915 cum
163 861 331 915 Numantinis
343 878 432 931 pacem
447 859 507 914 iecit
519 860 656 927 iniamem;
677 877 758 931 quam
768 861 889 932 populus

86 944 111 990 et
120 943 227 989 senatus
237 935 314 988 iussit
323 933 442 1006 infringi,
454 941 532 1005 atque
542 935 628 1004 ipsum
640 935 793 988 Mancinum
801 935 888 990 hosti·

88 1011 137 1063 bus
148 1009 229 1073 tradi,
243 1015 273 1062 ut
283 1009 310 1062 in
321 1008 378 1072 illo,
391 1024 472 1079 quem
481 1015 611 1061 auctorem
622 1007 732 1062 foederis
742 1009 885 1075 habebant,

87 1082 212 1136 iniuriam
222 1080 300 1136 soluti
311 1081 420 1135 foederis
429 1080 601 1136 vindicarent.
626 1083 687 1135 Post
696 1090 794 1137 tantam
803 1084 888 1156 igitur

88 1155 275 1229 ignominiam,
294 1173 347 1226 qua
362 1174 376 1209 a
391 1155 561 1209 Numantinis
575 1155 617 1209 bis
630 1156 742 1211 Romani
756 1158 887 1213 exercitus

87 1228 191 1284 fuerant
202 1228 350 1302 subiugati,
366 1231 396 1284 P.
407 1229 493 1300 Scipio
501 1228 655 1295 Africanus,
669 1231 784 1286 secando
793 1231 888 1287 consul

88 1303 180 1367 iactus,
191 1302 225 1357 ad
236 1304 405 1358 Numantiam
414 1321 513 1358 missus
523 1312 570 1359 eet.
583 1302 719 1379 [anuto]
732 1306 757 1359 is
767 1306 888 1377 primum

88 1377 199 1432 militem
213 1378 337 1433 vitiosum
349 1385 375 1433 et
384 1379 526 1452 ignavum,
540 1376 683 1433 exercendo
693 1378 793 1452 magis,
804 1397 888 1452 quam

88 1451 232 1524 puniendo,
244 1453 301 1507 sino
311 1452 399 1525 aliqua
409 1453 546 1507 acerbitate
555 1452 675 1506 correxit.
710 1453 779 1507 Tum
790 1453 889 1509 multas

89 1527 229 1598 Hispaniae
238 1527 353 1582 civitates
362 1526 458 1597 partim
468 1525 537 1581 bello
546 1527 622 1597 cepit,
634 1526 767 1597 partimin
778 1527 891 1583 deditio-

89 1618 151 1655 nem
166 1600 271 1671 aooepit.
310 1600 441 1655 Postremo
451 1601 535 1671 ipsam
545 1599 729 1665 Numantiam,
741 1600 788 1656 diu
799 1602 890 1657 obaes-

90 1693 160 1737 sam,
177 1673 246 1728 fame
255 1672 375 1738 coniecit,
392 1672 617 1742 etasoloevertit3
639 1673 769 1746 reliquam
779 1676 889 1747 provin·

90 1749 156 1802 ciam
168 1748 195 1802 in
207 1747 285 1802 fidem
296 1749 402 1818 accepit.

145 1822 213 1876 Car.
234 1822 329 1876 XVIII.
349 1822 388 1875 Eo
401 1828 515 1892 tempore
529 1819 631 1876 Attalus
646 1839 693 1875 rex
707 1821 797 1887 Asiae,
811 1821 890 1879 irater

90 1896 226 1961 Eumenis,
234 1903 353 1951 mortuus
362 1902 409 1960 est,
417 1894 591 1967 heredemque
601 1893 729 1967 populum
739 1897 888 1952 Romanum

91 1970 207 2040 reliquit.
246 1972 282 2025 lta
302 1969 411 2040 imperio
424 1969 542 2023 Romano
560 1986 607 2041 per
622 1977 805 2025 testamentum
825 1970 889 2027 Asia

90 2044 206 2098 accessit.

145 2118 214 2172 Cra.
236 2117 310 2172 XIX.
331 2118 393 2172 Nox
411 2118 489 2171 etiam
503 2118 625 2172 Decimus
639 2119 732 2173 lunius
746 2119 844 2172 Brutus
857 2118 890 2173 da

91 2190 216 2244 Callaecis
230 2200 255 2245 et
269 2192 402 2245 Lusitanis
416 2192 694 2265 triumphavitmagna
703 2191 802 2278 gioria:
815 2190 852 2267 [r.
862 2212 889 2249 a.

92 2261 152 2337 aaa]
172 2272 197 2318 at
215 2266 244 2320 P.
260 2265 346 2336 Scipio
360 2264 499 2320 Africanus
513 2266 546 2320 de
559 2268 729 2321 Numantinis
742 2266 891 2322 secundum

91 2339 258 2409 triumphum
268 2341 322 2414 egit
330 2339 465 2395 XIVanno
474 2349 629 2413 postquam
638 2341 751 2412 priorem
761 2340 794 2395 do
804 2339 891 2396 Africa

91 2421 187 2485 egerat.

148 2487 216 2541 Cra.
238 2488 301 2542 XX.
322 2489 422 2543 Notum
441 2488 545 2543 interim
566 2489 593 2543 in
612 2488 675 2543 Asia
691 2487 791 2542 bellum
805 2496 845 2542 est
858 2488 893 2545 ab

92 2557 294 2627 Anrsrorrco,
316 2562 443 2617 Eumenis
458 2562 524 2628 filio,
540 2563 635 2634 quiex
647 2562 792 2617 concubina
802 2578 894 2619 ausce-

93 2639 154 2700 ptus
166 2633 256 2689 iuerat.
288 2639 312 2691 is
322 2637 453 2692 Eumenes
464 2636 541 2691 irater
549 2636 628 2692 Attali
639 2635 730 2693 iuerat.
755 2635 893 2693 Adversus
