1906 3330
292 581 307 609 ο
382 566 497 610 LIBER
516 565 561 611 VI.
841 558 872 610 ld

74 663 231 738 gravissima
246 663 379 736 usquead
396 664 530 718 Oceanum
543 663 723 719 Britannicum
737 662 871 734 prooessit.

74 739 181 793 Domuit
190 745 276 791 autem
288 738 364 793 annis
375 755 469 792 novem
480 738 533 792 lere
542 755 647 792 omnem
661 737 788 801 Galliam,
805 753 875 806 quae

74 813 142 867 inter
156 811 248 882 Alpes,
265 811 363 866 flumen
376 813 548 877 Rhodanum,
564 813 687 867 Rhenum
700 819 726 865 et
740 810 874 864 Oceanum

74 894 126 951 est,
142 886 287 951 etcircuitu
297 894 366 956 patet
376 886 409 940 ad
418 887 460 940 his
471 895 495 940 et
505 887 591 940 tricies
600 894 707 940 centena
720 885 804 938 millia
813 902 875 955 pas·

75 978 166 1015 suum.
187 960 317 1014 Britannis
328 977 389 1014 mox
398 960 498 1014 bellum
509 961 605 1025 intulit,
619 959 654 1034 [r.
665 981 692 1016 u.
703 956 763 1034 ete]
774 959 874 1030 quihus

75 1043 214 1089 antaeum
234 1051 267 1088 ue
288 1052 382 1088 nomen
406 1035 514 1105 quidem
537 1036 715 1089 Romanorum
740 1033 874 1106 cognitum

75 1116 141 1175 erat,
163 1116 189 1162 et
199 1125 243 1162 eos
258 1125 365 1179 quoque
379 1109 474 1172 victos,
489 1108 627 1162 obsidibus
638 1108 762 1178 acceptis,
777 1108 876 1178 stipen-

75 1182 173 1236 diarIos
192 1180 260 1235 lecit.
298 1182 399 1236 Galliae
418 1190 505 1236 etitem
524 1182 613 1236 tributi
630 1182 736 1236 nomine
754 1198 874 1235 annuum

77 1257 216 1327 imperavit
243 1258 390 1310 sestertium
418 1256 646 1328 quadringenties,
678 1256 877 1324 Germanosque

76 1339 147 1385 trans
164 1331 287 1384 Rhenum
300 1347 454 1403 aggressus,
473 1330 673 1384 immanissimis
687 1328 793 1399 proeliis
804 1329 874 1382 vicit.

77 1405 146 1459 luter
161 1411 199 1458 tot
211 1421 348 1458 successus
363 1404 481 1458 termole
498 1405 639 1477 pugnavit:
661 1403 732 1475 apud
746 1404 876 1457 Arvernos

77 1478 157 1532 semel
169 1496 300 1549 praesens,
312 1487 337 1532 et
346 1479 441 1532 absens
452 1479 479 1532 in
491 1479 631 1534 Germania
641 1479 693 1532 bis.
720 1479 787 1531 Nam
798 1477 876 1549 legati

77 1554 135 1607 eius
147 1551 214 1613 duo,
231 1554 348 1607 Titurius
362 1561 386 1607 et
400 1553 596 1608 Aurunculeius
658 1571 671 1606 r
685 1551 795 1606 insidias
809 1551 877 1605 eaesi

78 1633 151 1682 suut.
714 1636 716 1640 ⁴

133 1699 202 1756 Car.
222 1701 318 1756 XVIII.
343 1699 421 1773 (XV.)
445 1702 518 1757 Circa
541 1701 603 1754 eade
777 1741 783 1764 ,

79 1775 153 1830 urbis
167 1773 285 1829 conditae
298 1775 448 1840 DCXCVII,
464 1777 500 1830 M.
512 1775 630 1828 Licinius
712 1780 715 1785 ’

78 1848 251 1919 Cn.Pompeii
260 1849 349 1922 Magni
359 1850 386 1903 in
396 1849 533 1904 consulatu
543 1847 667 1931 secundo,

79 1923 179 1978 missus
188 1931 236 1988 est,
246 1931 271 1976 et
280 1940 341 1977 cum
352 1927 419 1978 circa
430 1924 523 1979 Carras
532 1932 620 1978 contra
630 1923 718 1977 omina
728 1929 775 1976 eta
811 1921 878 1992 piola

79 1997 242 2061 dimicasset,
263 1995 298 2072 [a.
315 2017 340 2053 o.
356 1996 416 2072 ote]
437 2016 451 2053 a
466 1998 579 2062 Surena,
602 1997 696 2051 Orodis
712 1994 782 2068 regis
801 1995 876 2058 dirce,

80 2071 181 2135 victus,
197 2070 230 2125 ad
244 2073 406 2142 postremum
423 2072 571 2126 interfectus
587 2080 696 2125 osteum
706 2070 772 2125 lilio.
789 2069 880 2123 claris-

80 2147 149 2199 simo
166 2151 192 2198 et
210 2146 432 2216 praestantissimo
452 2148 557 2201 iuvene.
619 2145 732 2216 eliquiae
751 2144 880 2198 exercitus

81 2237 126 2290 per
137 2219 168 2274 C.
179 2218 302 2273 Cassium
311 2228 474 2291 quaestorem
485 2227 600 2274 servatae
662 2227 681 2283 t,
694 2218 740 2289 qui
751 2217 880 2289 singulari

80 2294 170 2348 animo
179 2293 293 2363 perditas
303 2301 423 2348 restauta
434 2294 529 2348 virtute
539 2295 663 2356 restituit,
680 2301 710 2346 ut
718 2294 822 2352 Persae,
839 2308 879 2345 re-

80 2367 156 2421 diens
167 2375 238 2421 trans
248 2367 417 2439 Euphratem,
430 2369 528 2422 crebris
538 2367 644 2438 proeliis
654 2367 777 2420 vinceret.

134 2441 205 2496 Car.
221 2441 297 2494 XIX.
312 2441 403 2513 (XVI.)
419 2443 486 2496 llinc
496 2443 549 2496 iam
559 2441 659 2496 bellum
670 2440 748 2494 civile
757 2440 881 2494 successit

81 2515 271 2570 exsecrandum
286 2522 310 2569 et
325 2515 506 2589 lacrymabile,
523 2534 591 2588 quo,
602 2524 702 2586 praeter
711 2514 879 2575 calamitates,

82 2607 149 2661 quae
159 2590 186 2643 iu
197 2589 302 2660 proeliis
311 2590 469 2655 aeciderunt,
478 2590 653 2661 etiamPopuli
660 2590 769 2643 Romani
778 2588 880 2642 fortuna

82 2671 181 2718 mutata
202 2671 250 2718 est.
291 2663 384 2719 Caesar
403 2665 488 2729 euim,
510 2664 612 2718 rediens
631 2683 663 2718 ex
683 2662 768 2718 Gallia
790 2663 879 2715 victor.

82 2738 166 2809 coepit
180 2755 285 2808 poscere
298 2737 409 2793 alterum
423 2739 603 2803 consulatum,
624 2746 702 2809 atque
715 2739 762 2800 ita,
784 2744 811 2788 ut
825 2735 882 2787 sine

83 2812 214 2866 dubietate
238 2812 262 2865 ei
286 2811 374 2884 aliqua
397 2813 549 2867 deferretur.
589 2811 784 2867 Contradictum
807 2817 846 2862 est
867 2825 882 2860 a

83 2885 205 2940 Marcello
215 2886 293 2949 Cos,
306 2888 432 2951 aBihulo,
441 2906 455 2942 a
464 2888 616 2957 Pompeio,a
628 2887 732 2949 Catone,
741 2885 883 2953 iussusque

84 2960 202 3014 dimissis
211 2961 368 3016 exercitibus
378 2962 409 3016 ad
420 2963 513 3015 urbem
525 2961 617 3015 redire.
629 2959 664 3033 [n.
672 2955 764 3032 oete]
779 2960 883 3028 Propter

84 3051 166 3106 quam
186 3034 312 3089 iniuriam
331 3036 364 3090 ah
379 3036 514 3101 Arimino,
535 3037 581 3090 ubi
602 3035 698 3088 milites
716 3040 889 3104 congregatos

139 3142 263 3182 curaer.
666 3134 696 3178 u
