1906 3330
319 537 435 582 LIBER
454 538 498 583 Vr.
771 536 803 588 47

43 633 164 697 toribus,
185 632 239 688 sola
259 635 390 707 navigatio
409 643 464 689 tuta
484 654 536 691 non
555 643 631 691 esset.
670 637 757 703 Quare
775 639 804 693 rd

43 707 107 762 llum
127 707 176 761 Cn.
197 708 319 778 Pompeio
338 710 469 764 decretum
489 717 540 777 est;
563 708 598 796 [r.
613 731 640 766 o.
656 722 705 765 585.
732 713 803 784 quod

43 798 74 835 ra
94 797 190 851 paucos
210 798 325 844 menses,
345 783 444 856 ingenti
463 792 488 838 et
505 782 625 838 felicitate
638 794 663 838 et
677 787 804 841 ceeritate

43 852 125 908 eiecit.
163 855 224 908 Mox
239 855 262 908 ei
277 854 391 910 delatum
406 855 506 911 bellum
521 859 597 912 etiam
613 866 701 913 contra
714 877 803 933 regem

43 927 173 981 thridaten
192 936 217 981 et
236 929 381 1001 Tigranen:
407 927 446 1004 [n.
468 950 493 985 u.
515 930 579 1005 aaa]
600 950 654 1004 quc
673 942 801 1004 suscepto,

43 1000 173 1055 thridaten
188 1001 216 1056 in
230 1001 354 1057 Armenia
368 1004 469 1059 minore
483 1011 609 1059 nocturno
622 1006 720 1076 proelio
730 1009 800 1072 vicit,

43 1083 90 1129 stra
103 1074 226 1145 diripuit:
247 1075 421 1151 quadraginta
435 1077 556 1131 millibus
570 1079 627 1132 eius
640 1081 744 1145 occisis,
762 1083 803 1135 vi-

43 1150 75 1204 rti
85 1155 186 1203 tantum
196 1149 229 1203 de
238 1151 352 1205 exercitu
362 1168 411 1205 suo
421 1150 546 1221 perdidit,
562 1151 661 1206 etduos
674 1155 803 1208 centurio-

43 1241 65 1277 s.
93 1223 255 1278 Mithridates
264 1241 325 1278 cum
336 1242 418 1279 uxore
427 1224 495 1297 fugit
504 1232 529 1278 et
537 1225 641 1279 duobus
651 1227 802 1282 comitibus.

43 1314 99 1369 oue
117 1297 201 1351 multo
220 1305 290 1369 post,
311 1315 373 1353 cum
389 1299 417 1352 in
430 1315 492 1352 suos
506 1300 628 1363 saeviret,
649 1300 800 1366 Pharnacis,

43 1371 56 1424 ii
74 1371 131 1436 sui,
152 1371 223 1441 apud
241 1371 337 1426 milites
355 1372 494 1437 seditione,
516 1370 551 1426 ad
567 1380 676 1427 mortem
689 1381 801 1439 coaetus,

42 1461 140 1499 nenum
158 1444 256 1499 hausit.
276 1442 311 1519 [r.
327 1465 353 1500 o.
372 1443 431 1519 aas]
452 1447 529 1500 Hunc
547 1446 627 1500 linem
646 1447 739 1501 hahuit
753 1449 803 1501 Mi-

43 1518 142 1572 ridates.
181 1519 260 1572 Periit
273 1527 359 1573 autem
373 1519 444 1589 apud
456 1520 614 1590 Bosporum,
633 1521 674 1575 vir
689 1521 803 1595 ingentis

43 1591 152 1647 lustriae
162 1590 326 1663 consiliique.
355 1593 484 1665 Regnavit
493 1593 570 1646 annis
579 1595 723 1666 sexaginta,
735 1595 803 1649 vixit

43 1666 172 1738 ¹›turiginta
194 1665 311 1734 duobus,
332 1674 421 1721 contra
440 1667 571 1721 Romanos
590 1666 690 1721 bellum
710 1668 803 1722 habuit

43 1739 277 1811 nisquadraointa.

62 1814 130 1868 cit.
151 1780 222 1867 xul.
243 1813 300 1885 (xi.
329 1813 436 1886 rigant
449 1812 800 1884 eerneerempausaeuum

43 1887 105 1942 ulit.
123 1884 157 1961 [t.
169 1907 195 1942 n.
207 1884 268 1960 osa]
286 1886 334 1941 lle
346 1905 374 1942 se
387 1888 410 1942 ei
423 1887 507 1952 dedit,
522 1895 547 1942 et
556 1887 584 1941 in
594 1895 676 1942 castra
687 1887 801 1958 Pompeii

43 1969 81 2016 rto
99 1960 200 2016 decimo
214 1961 337 2015 milliario
351 1961 384 2016 ah
398 1961 520 2016 Artaxata
533 1962 619 2026 venit,
640 1979 670 2016 ac
683 1960 801 2015 diadema

43 2053 97 2100 um,
108 2052 170 2090 curn
179 2035 361 2106 procubuisset
369 2034 402 2090 ad
410 2053 496 2108 genua
506 2037 631 2107 Pompeii,
640 2037 668 2090 in
678 2035 802 2089 manibus

43 2113 58 2164 ti
73 2109 220 2178 collocavit;
242 2109 314 2181 quod
326 2110 350 2163 ei
360 2110 500 2181 Pompeius
510 2110 638 2182 reposuit,
650 2109 803 2163 honorifice-

43 2201 60 2239 .e
69 2201 131 2238 eum
139 2184 269 2248 habitum,
277 2184 351 2257 regni
360 2191 446 2239 umen
456 2192 528 2255 parte
538 2184 667 2246 multavit,
674 2190 699 2236 et
708 2182 802 2255 grandi

43 2258 129 2313 cunia.
168 2258 278 2312 Ademta
296 2265 336 2312 est
354 2261 377 2311 ei
396 2257 486 2331 Syria,
508 2258 649 2319 Phoenice,
667 2255 800 2326 Sophene:

43 2351 56 2388 ι
73 2331 156 2386 millia
176 2339 304 2402 praeterea
322 2331 477 2386 talentorum
492 2332 605 2404 argenti,
625 2346 693 2400 quae
705 2329 803 2401 populo

43 2423 126 2461 mano
139 2406 223 2469 daret,
239 2405 302 2477 quia
316 2405 415 2460 bellum
431 2406 489 2459 sine
501 2422 579 2459 causa
592 2404 718 2458 Romanis
732 2421 802 2459 com-

43 2480 142 2536 >visset

63 2553 131 2610 Car.
153 2553 224 2608 XIV.
245 2552 384 2624 Pompeius
403 2568 466 2606 mox
484 2551 563 2605 etiam
582 2549 692 2605 Albanis
704 2549 804 2606 bellum

43 2627 110 2691 tulit,
125 2634 252 2681 eteorum
267 2643 355 2699 regern
365 2626 468 2680 Oroden
478 2625 599 2692 tervicit3
621 2633 750 2696 postremo
758 2641 804 2694 per

43 2701 130 2756 istclas
144 2708 169 2755 et
183 2717 292 2754 munera
302 2706 421 2773 rogatus,
437 2700 542 2755 veniam
551 2699 575 2753 ei
585 2716 713 2769 acpacem
722 2696 803 2750 dedit.

43 2777 108 2830 ariae
119 2791 225 2847 quoque
235 2791 322 2847 regem
333 2774 443 2828 Artocen
454 2773 517 2827 vicit
531 2774 598 2836 acie,
614 2780 639 2826 et
653 2773 681 2826 in
696 2770 805 2824 deditio-

44 2867 72 2903 m
86 2849 193 2920 accepit.
232 2847 384 2903 Armeniam
398 2848 527 2902 minorem
541 2848 670 2908 Deiotaro,
690 2843 805 2898 Galatiae

43 2924 79 2996 gi,
100 2922 221 2987 donavit,
243 2923 307 2993 quia
329 2939 416 2979 socrus
437 2920 500 2975 belli
522 2919 688 2975 Mithridatici
711 2916 803 2971 fuerat.

43 2997 95 3053 talo
113 3005 139 3052 et
157 2995 305 3072 Pylaemeni
325 2995 529 3069 Paphlagoniam
548 2992 674 3061 reddidit3
694 2991 806 3046 Aristar-
