1906 3330
357 501 474 546 LIBER
493 501 561 546 VIII.
825 495 852 546 Ἠ

55 605 127 653 tanta
143 598 320 652 exsecratione
332 599 466 665 omnium,
488 607 518 654 ut
532 598 614 655 hostis
628 599 739 653 humani
755 601 859 672 generis

56 674 136 728 etiam
147 681 266 726 mortuus
277 672 444 728 iudicaretur.

113 747 183 802 Car.
195 747 266 802 XVI.
281 746 368 820 (VIII.)
383 749 450 802 llurc
459 748 583 802 successit
596 749 763 811 Pramum,
779 765 860 819 gran-

58 819 159 876 daevus
173 820 240 885 iam,
257 828 287 874 ut
301 822 348 891 qui
362 823 587 895 septuagenariam
598 822 724 895 attigisset
734 829 856 890 aetatem;

58 894 246 967 praefecturam
258 895 316 948 urbi
327 904 390 950 tunc
399 914 489 969 agens,
502 914 534 950 ax
543 896 571 951 S.
579 897 609 952 C.
620 897 748 968 imperare
758 897 857 950 iussus.

58 968 224 1041 Octogasimo
239 970 342 1039 imperii
357 969 413 1034 die,
429 971 650 1041 praetorianorum
664 971 780 1024 militum
790 969 860 1023 sedi—

59 1044 138 1106 tione,
149 1051 174 1097 et
184 1043 278 1096 Iuliani
287 1043 382 1097 scelere
390 1044 491 1097 occisus
501 1052 549 1096 est.
561 1042 594 1117 [a.
606 1061 630 1097 c.
640 1063 666 1097 n.
678 1043 739 1117 Its]

115 1117 184 1172 Car.
204 1118 288 1173 XVII.
314 1117 381 1189 (IX.)
405 1119 464 1171 Post
483 1135 545 1170 eum
569 1116 696 1182 Saavrus
715 1119 859 1173 lucianus

61 1191 252 1262 rempublicam
265 1191 376 1255 invasit,
393 1191 435 1245 vir
450 1190 546 1244 nobilis
560 1198 584 1243 et
600 1191 655 1243 iure
667 1191 856 1260 peritissimum

62 1282 141 1336 napos
158 1265 240 1319 Salvii
252 1264 359 1329 Iuliani,
376 1266 424 1335 qui
434 1265 485 1318 sub
496 1265 558 1319 divo
568 1263 698 1319 Hadriano
708 1275 860 1332 perpetuum

60 1339 207 1410 composuit
216 1344 336 1393 edictum.
369 1341 459 1393 Victus
470 1348 507 1393 est
517 1357 530 1392 a
542 1338 636 1392 Severo
646 1339 718 1410 apud
727 1338 860 1394 Mulvium

61 1421 175 1485 pontem,
189 1413 337 1467 interiectus
348 1414 375 1467 in
385 1413 491 1484 palatio.
518 1413 591 1468 Vixit
601 1413 737 1468 mensibus
748 1421 857 1485 septem,

61 1495 201 1559 postquam
210 1495 326 1557 coeperat
335 1488 471 1559 imperare.

116 1561 185 1616 Car.
208 1562 303 1616 XVIII.
328 1561 383 1633 (X.)
408 1562 474 1616 ilino
493 1562 597 1633 imperii
615 1561 726 1616 Romani
745 1561 860 1616 admini-

61 1636 212 1690 strationem
227 1635 390 1691 Searrrrroe
406 1635 544 1691 Sarranus
557 1637 666 1706 accepit:
688 1636 817 1690 oriundus
827 1653 859 1689 ex

62 1708 156 1773 Africa,
168 1709 302 1780 provincia
312 1710 479 1780 Tripolitana,
491 1710 587 1780 oppido
596 1710 679 1780 Lepti.
700 1709 777 1762 Solus
787 1711 860 1764 ornui

62 1785 188 1839 memoria
197 1791 323 1837 etantcet
332 1793 419 1855 postea
429 1801 462 1838 ex
471 1783 557 1838 Africa
568 1785 707 1854 imperator
717 1783 776 1837 luit.
813 1785 861 1837 Hic

62 1861 179 1929 primum
200 1857 255 1911 lisci
269 1858 423 1923 advocatus,
445 1875 508 1912 mox
521 1858 642 1912 militaris
656 1858 793 1922 tribunus,
815 1875 861 1928 per

63 1931 144 1986 multa
164 1931 259 1985 deinde
277 1950 308 1986 ao
325 1933 396 1986 varia
410 1931 495 1986 cilicia
509 1941 588 2005 atquc
602 1933 713 1986 honores
727 1949 813 2002 usque
827 1932 860 1985 ad

62 2005 314 2060 administrationem
325 2007 403 2061 totius
413 2006 571 2078 reipublicae
580 2008 661 2061 venit.
703 2007 860 2060 Pertinacem

63 2097 91 2135 se
107 2080 232 2151 appellari
246 2080 343 2145 voluit,
360 2081 388 2135 in
404 2081 528 2136 honorem
542 2082 600 2135 eius
614 2081 768 2145 Pertinacis,
785 2081 833 2152 qui
846 2099 861 2135 a
920 2134 922 2139 .

63 2154 164 2210 Iuliano
180 2154 262 2209 luerat
275 2155 386 2209 occisus.
427 2157 522 2210 Parcus
537 2155 679 2210 admodum
695 2154 755 2218 luit,
768 2163 860 2208 natura

61 2247 171 2283 saevus:
192 2228 260 2283 bella
278 2228 374 2293 multa,
394 2238 419 2283 et
438 2228 545 2284 feliciter
558 2230 648 2302 gessit.
689 2228 861 2282 Pescennium

62 2304 189 2376 Nigrum,
211 2303 259 2374 qui
280 2303 306 2357 in
327 2303 446 2376 Aegypto
459 2313 484 2358 et
498 2303 575 2376 Syria
589 2302 769 2366 rebellaverat,
790 2302 862 2373 apud

62 2377 190 2451 Cyzicum
201 2375 335 2431 interimit.
376 2377 483 2432 Parthos
493 2378 563 2441 vicit,
570 2385 595 2431 et
605 2377 705 2432 Arabas
716 2377 859 2441 interiores,

61 2458 87 2505 et
95 2451 255 2506 Adiabenos.
275 2450 375 2505 Arabas
384 2468 414 2504 co
423 2468 508 2522 usque
518 2453 660 2522 superavit,
672 2459 702 2504 ut
713 2452 863 2524 etiampro-

64 2525 178 2579 vinciam
190 2525 225 2577 ibi
236 2523 340 2592 facerem
352 2525 863 2590 idcircoParthicus,Arabicus,rldiabe-

64 2599 139 2653 nicus
148 2598 234 2653 dictus
243 2607 291 2652 est.
305 2597 386 2654 Multa
398 2607 448 2654 toto
454 2600 642 2654 Romanocrbe
652 2599 789 2670 reparavit.
806 2597 862 2651 Sub

63 2688 94 2726 co
103 2672 181 2726 ctiam
191 2672 480 2744 Clodiusrllbinus,qui
492 2673 518 2727 in
528 2673 669 2728 occidendo
678 2672 811 2726 Pertinace
819 2688 864 2724 sc-

63 2746 121 2799 cius
132 2743 214 2800 luerat
227 2746 341 2811 Iuliano,
358 2746 494 2801 Caesarem
507 2765 535 2801 se
546 2748 573 2802 in
584 2746 669 2801 Gallia
680 2744 751 2809 lecit,
763 2746 863 2799 victus-

63 2837 116 2893 que
126 2818 198 2889 apud
207 2820 369 2893 Lugdunum
379 2829 418 2874 est
427 2829 452 2874 et
463 2820 621 2876 interiectus.
633 2819 666 2893 [a.
677 2837 702 2873 e.
714 2838 738 2872 r.
751 2816 814 2891 tau]

118 2895 185 2948 (lar.
208 2893 282 2948 XIX.
303 2895 415 2950 Severus
432 2903 533 2958 autem,
553 2903 653 2966 praeter
665 2892 785 2947 bellicam
805 2892 863 2966 glo-

63 2968 139 3034 riam,
146 2967 222 3022 ctiam
233 2967 358 3025 civilibus
367 2968 462 3023 studiis
472 2968 559 3024 clarus
568 2967 627 3035 suit,
634 2977 659 3022 et
669 2967 749 3022 literis
759 2967 859 3031 doctus,
