1906 3330
86 161 116 231 ta
228 172 230 176 ⁴
404 166 591 213 surnoeu

83 271 205 330 venisset,
220 268 362 321 Romanum
375 284 428 321 esse
440 271 552 322 desiisse.
591 266 680 337 ltaque
694 272 719 319 et
737 284 758 320 u:

84 341 222 411 eomplexu
233 340 350 405 removit,
363 349 388 395 et
398 340 498 395 senatui
508 340 598 403 suasit,
611 358 643 394 ue
653 358 705 411 pax
715 357 758 393 eur

84 414 168 483 fieret;
190 419 249 469 illos
261 421 340 478 enim,
355 420 454 485 [raetos
467 424 503 469 tot
518 419 629 478 casibus,
645 433 715 482 spem
724 433 758 468 aa

85 492 155 543 bere:
175 507 202 543 se
216 494 282 542 tanti
294 507 345 543 aon
354 508 418 553 esse,
429 500 458 543 ut
467 499 503 544 tot
512 492 596 543 millio
607 495 758 556 captivares

83 581 210 626 stonense,
223 572 247 616 et
258 581 353 626 seaem,
365 573 504 632 etpauaos,
516 571 561 632 qai
570 582 603 618 em
614 566 758 618 Romanise

83 647 152 700 ruat,
164 642 339 693 redderentur.
365 640 455 710 Itaque
465 638 588 692 obtinuit.
617 640 683 691 Nam
693 637 758 692 illm:

84 720 207 782 petentes,
223 711 313 766 nullus
323 713 441 778 admisit;
464 714 519 785 ipse
528 712 711 784 Carthaginem
721 731 758 766 re(

84 787 255 859 rentibusquo
265 789 398 852 Romanis,
412 797 442 842 ut
451 805 512 843 eum
523 789 619 842 Romae
629 796 750 852 tenerent,

84 879 112 915 se
135 861 162 915 in
181 880 210 917 ea
232 863 298 917 urbe
317 881 488 927 mansurum,
514 863 540 916 in
562 879 629 933 qua,
650 872 758 934 postque

84 937 221 1002 servierat,
242 937 395 1011 dignitatem
413 938 514 992 honesti
529 937 594 990 civis
608 937 702 991 habere
717 956 758 991 nor

84 1012 227 1084 Regressus
247 1012 326 1085 igitur
345 1012 378 1066 ad
394 1012 521 1077 Africam,
542 1011 666 1065 omnibus
681 1012 758 1084 suppl

84 1087 194 1140 stinctus
204 1094 251 1140 est.

139 1159 207 1215 Car.
228 1161 326 1215 XXVI.
346 1159 424 1234 (XV.)
443 1162 473 1214 P.
489 1158 598 1215 Claudio
611 1161 735 1226 Pulchro,
757 1211 758 1215 ,

85 1234 167 1290 Coss.
183 1233 218 1309 [n.
230 1255 255 1290 u.
267 1232 327 1309 eta]
348 1235 474 1290 Claudius
484 1242 571 1290 eontra
581 1237 696 1308 auspicia
705 1254 758 1308 pug

83 1329 99 1364 a
113 1310 373 1384 Carthaginiensibus
386 1311 471 1365 victus
484 1319 531 1364 est.
571 1311 638 1364 Nam
651 1330 684 1366 ex
696 1312 758 1366 CCX

84 1384 136 1439 bus
154 1402 216 1440 cum
238 1386 319 1439 XXX
340 1384 420 1458 sugit,
445 1386 585 1458 nonaginta
606 1403 667 1440 oum
689 1405 758 1460 pugn

85 1469 173 1530 captae
191 1468 267 1525 sunt,
288 1459 420 1514 demersae
433 1468 539 1514 ceterae.
578 1459 654 1515 illius
668 1479 758 1532 quoqu

85 1534 195 1588 classem
206 1534 341 1607 naufragio
351 1535 450 1598 amisit,
463 1535 605 1588 exereitum
618 1545 704 1589 tamen
717 1535 754 1588 sal

85 1609 151 1673 buit,
165 1608 227 1681 quia
238 1609 323 1664 vicina
334 1608 406 1663 litora
416 1617 498 1662 erant.

139 1683 206 1739 Car.
227 1683 337 1738 XXVII.
367 1683 447 1756 XVl.)
467 1683 497 1738 C.
514 1684 616 1737 Lutatio
627 1683 730 1748 Catulo,
745 1689 758 1739 l

85 1758 139 1812 mio
152 1757 247 1811 Albino
261 1757 342 1813 Coss.
369 1776 395 1811 n.
406 1777 432 1812 u.
444 1755 503 1832 atu]
519 1776 588 1812 anno
598 1759 658 1813 belli
674 1760 756 1813 Punic

85 1831 176 1888 Catulo
190 1831 288 1886 bellum
299 1839 386 1886 eontra
396 1831 470 1887 Afros
481 1834 651 1888 commissum
662 1843 709 1888 est.
749 1837 758 1888 l

85 1916 123 1961 est
140 1925 200 1961 oum
213 1906 276 1962 CCC
291 1907 403 1962 navibus
417 1910 445 1961 in
455 1907 581 1962 Siciliam.
621 1909 676 1963 Afri
690 1917 758 1963 contr

85 1981 168 2038 CCCC
188 1990 355 2053 paraverunt.
394 1984 536 2054 Nunquam
560 1984 586 2038 in
609 1985 675 2039 mari
698 1985 758 2038 tanti

84 2065 231 2130 pugnatum
244 2066 292 2111 est.
331 2059 450 2112 Lutatius
464 2058 572 2114 Catulus
583 2078 676 2115 navem
687 2078 758 2132 aeger

84 2131 136 2197 dit3
154 2131 303 2186 vulneratus
312 2132 382 2186 enim
393 2135 419 2187 iu
431 2151 520 2206 pugna
530 2136 662 2205 superiore
671 2135 758 2188 luerat,

84 2206 253 2279 Lilybaeum,
275 2208 405 2262 civitatem
423 2207 538 2273 Siciliae,
560 2219 706 2282 pugnatum
725 2218 758 2263 est

85 2281 181 2336 virtute
193 2283 379 2338 Romanorum.
418 2284 485 2337 Nam
499 2284 609 2338 LXXlll
622 2286 758 2357 Carthagin

86 2374 165 2411 naves
184 2366 364 2430 capessunt,
388 2357 486 2414 CXXV
504 2359 650 2424 demersae,
675 2360 758 2413 XXX]

85 2431 201 2487 hostium
215 2442 301 2505 capta,
317 2434 379 2488 Xlll
391 2433 487 2500 oecisa3
510 2434 643 2488 infinitum
659 2436 758 2506 aurien

85 2507 188 2578 pondus
199 2508 225 2562 iu
236 2516 384 2579 potestatem
395 2508 571 2562 Romanorum
582 2508 724 2564 redactum.
746 2511 758 2564 l

84 2582 200 2637 Romana
213 2583 263 2637 Xll
278 2601 357 2637 naves
370 2582 510 2636 demersae.
550 2585 699 2655 Pugnatum
712 2593 751 2639 est

85 2656 198 2712 Martias.
238 2657 330 2712 Statim
340 2656 566 2731 Carthaginienses
575 2675 666 2731 pacem
678 2659 758 2731 petier
