1906 3330
105 160 138 212 70
407 162 597 209 EUTROPII

106 265 173 329 daII,
189 263 333 327 Sarmatae,
350 261 429 317 Suevi
442 262 615 334 atqneomnis
625 260 945 345 barbariaoopfflov

106 348 160 394 ret:
182 337 264 391 multa
282 336 421 391 hominum
440 336 524 391 millia
539 335 676 401 interfecit,
696 352 739 400 se,
760 336 945 421 Peneon,-

107 413 213 468 servitio
228 411 356 475 liberatis,
372 412 469 465 Itomae
483 428 575 465 rursus
589 428 650 464 cum
665 409 815 465 Commode
825 412 858 469 Δ
865 402 945 487 ωαζ

107 489 180 551 nine,
189 486 242 539 lilio
252 502 309 548 sue,
317 502 395 555 quem
407 485 457 538 iam
468 485 602 539 Caesarem
613 483 931 555 fecerattriumphanz

107 562 150 616 Ad
160 561 240 614 buius
251 558 312 612 belli
323 577 413 623 usum,
426 559 523 612 aerario
533 559 669 620 exhausto,
681 575 742 611 cum
755 556 920 631 largitiones

108 635 196 689 nullas
206 635 324 696 haberet,
339 651 424 704 neque
435 633 547 686 indicere
556 632 763 703 provincialibus
772 642 821 687 sut
831 650 904 687 sens-

108 710 147 762 tui
162 707 263 779 aliquid
277 707 367 772 vellet,
385 708 587 761 instrumentum
603 706 667 779 regii
682 705 784 771 cultus,
799 705 903 763 tamin

108 782 164 836 Iore
174 783 228 836 divi
240 782 345 836 Traiani
356 782 475 845 sectione,
487 780 621 835 distraxit:
643 798 704 834 vasa
715 797 805 845 aurea,
815 778 905 853 pocrrls

109 857 261 931 crystallina
275 864 299 910 et
313 856 464 917 murrhina,
480 855 601 908 uxoriam
617 870 647 908 ae
664 871 741 908 suam
759 856 869 911 sericam
882 860 906 909 st

110 949 217 986 auream
231 938 342 992 vestem,
359 929 442 983 multa
455 938 606 983 ornamenta
619 944 802 1000 gemmarum
822 946 853 983 ac
862 944 906 1001 per

110 1005 179 1059 diros
192 1005 328 1058 continuos
339 1020 440 1056 menses
450 1019 479 1054 ea
491 1002 605 1056 venditio
613 1002 700 1056 habita
711 1012 763 1065 est,
779 1002 906 1059 multum·

110 1096 164 1149 que
183 1077 240 1131 auri
258 1076 400 1129 redactum.
440 1076 499 1128 Post
514 1076 648 1130 victoriam
663 1082 749 1130 tamen
764 1078 906 1133 emtoribus

110 1151 193 1222 pretia
207 1149 332 1213 restituit,
349 1149 395 1220 qui
407 1148 512 1203 reddere
521 1157 668 1221 comparata
677 1149 833 1208 voluerunt:
853 1166 908 1207 me·

111 1224 193 1278 lestus
203 1224 270 1278 nulli
282 1222 339 1289 init,
351 1225 398 1297 qui
410 1223 502 1278 maluit
512 1224 592 1278 semel
602 1232 671 1279 emta
681 1224 802 1280 retinere.

167 1343 237 1398 Car.
257 1342 329 1397 XIV.
350 1343 398 1396 Ilic
411 1342 530 1413 permisit
544 1341 608 1396 viris
621 1341 790 1405 clarioribus,
806 1348 837 1395 ut
850 1358 908 1397 een-

112 1417 185 1471 vivia
204 1417 294 1471 eodem
313 1416 399 1480 eultu,
420 1433 474 1487 quo
492 1416 561 1487 ipse,
581 1425 607 1469 et
623 1416 752 1470 ministris
765 1414 907 1479 similibus,

112 1492 276 1545 exhiberent.
317 1492 345 1543 In
360 1490 471 1543 editione
485 1508 624 1544 munerum
636 1499 694 1561 post
704 1489 840 1543 victoriam
849 1488 910 1545 adse

113 1566 271 1637 magnificus
292 1562 353 1623 iuit,
379 1572 409 1616 ut
427 1572 531 1617 eentum
552 1563 632 1617 simui
654 1563 739 1619 leones
758 1564 910 1618 exhibuisse

113 1640 240 1692 tradatur.
280 1637 346 1691 Cum
362 1637 442 1707 igitur
452 1636 608 1691 fortunatam
619 1637 810 1708 rempublicam
820 1646 847 1693 et
858 1638 910 1691 vir-

113 1720 168 1764 tute
186 1719 210 1764 et
228 1711 428 1763 mansuetudine
442 1710 609 1775 reddidisset,
629 1712 694 1766 obiit
708 1712 795 1765 XVIII
811 1709 910 1782 imperii

113 1802 198 1849 anne,
219 1785 287 1839 vitae
307 1784 379 1848 LXI,
399 1793 424 1837 et
443 1786 568 1838 omnibus
587 1787 702 1839 certatim
722 1786 908 1851 annitentibus,

114 1858 181 1913 inter
191 1859 267 1912 divos
277 1857 372 1911 relatus
382 1868 429 1911 est.
442 1856 474 1932 [r.
486 1876 511 1912 c.
523 1878 547 1912 u.
559 1856 621 1933 ssu]
772 1858 775 1863 '

170 1966 239 2020 Car.
259 1966 319 2020 XV.
340 1965 414 2037 (VII.)
434 1967 519 2020 IIuius
538 1984 671 2020 successor
690 1967 722 2020 L.
741 1964 911 2020 duronrses

115 2040 277 2094 Consonus
298 2039 363 2092 nihil
384 2051 522 2111 paternum
542 2041 647 2101 babuit,
669 2040 720 2094 nisi
738 2039 812 2111 quod
826 2046 912 2094 eones

116 2113 260 2167 Germanos
270 2112 377 2167 feliciter
386 2123 410 2168 et
421 2115 475 2186 ipse
485 2115 623 2188 pugnavit.
650 2114 829 2184 Septembrem
840 2130 912 2167 ursu-

115 2205 170 2241 sem
185 2188 322 2242 adnomen
333 2206 412 2242 surim
424 2188 561 2243 transferre
571 2196 678 2242 conatus
688 2197 740 2253 est,
752 2196 783 2241 ut
792 2188 913 2243 Commo·

115 2262 166 2316 dus
181 2263 318 2317 diceretur.
358 2263 408 2317 Sed
424 2264 529 2318 luxuria
543 2271 568 2317 et
577 2262 733 2318 obscenitate
745 2260 911 2332 depravatus·

115 2337 277 2409 gladiatoriis
290 2338 370 2391 armis
383 2338 535 2409 saepissime
544 2339 570 2391 in
583 2336 654 2399 ludo,
666 2336 789 2406 deinceps
798 2336 876 2389 etiem
886 2334 912 2388 in

116 2413 307 2482 amphitheatro
317 2429 378 2465 curn
392 2411 544 2465 huiusmodi
555 2411 709 2465 hominibus
719 2426 795 2480 saepe
805 2410 913 2481 dimica-

117 2486 165 2539 vit.
205 2486 276 2540 Obiit
290 2495 372 2539 morte
385 2485 486 2549 subita,
506 2483 538 2559 [r.
550 2504 574 2539 c.
586 2505 611 2539 rr.
623 2482 683 2558 tte]
699 2492 778 2554 atque
792 2483 870 2547 adeo,
887 2488 914 2537 ut

117 2560 309 2632 strangulatus,
332 2558 372 2611 vel
393 2575 493 2613 veneno
513 2557 661 2613 interiectus
680 2565 827 2627 putaretur,
854 2573 913 2611 curu

118 2635 194 2688 antris
215 2635 264 2686 XII
283 2641 341 2704 pest
358 2640 458 2703 patrem
474 2640 499 2686 et
516 2633 574 2687 VIII
592 2632 729 2687 mensibus
748 2631 912 2702 imperasset3
