1906 3330
349 560 466 605 LIBER
484 559 553 606 VIII.
816 555 849 607 69

57 658 151 732 'ngenii
168 675 264 730 parum
283 657 382 727 civilis3
407 659 551 713 reverentia
570 665 655 712 tamen
675 657 761 712 fratris
781 658 849 712 nibil

57 750 172 805 anquam
186 740 259 786 atrox
273 749 364 786 ausus.
403 732 472 787 Cum
485 734 582 788 obisset
597 733 736 788 undecimo
748 732 849 803 imperii

57 824 129 871 mnu,
141 807 209 861 inter
218 806 279 860 daos
289 805 386 860 relatus
395 814 443 860 est.

84 880 176 936 ‘Can
201 880 249 935 Xl.
274 879 346 952 (Vl.)
375 881 435 934 Post
453 897 514 934 eum
537 881 662 936 Murcus
682 880 852 935 duramnus

57 954 125 1010 solus
142 953 333 1024 rempublicam
352 955 449 1018 tenuit,
472 955 528 1018 vir,
547 972 627 1026 quem
643 955 733 1008 mirari
750 953 851 1008 facilius

57 1030 128 1101 quis,
150 1045 233 1099 quam
250 1027 356 1082 laudare
373 1029 465 1098 possit.
487 1025 520 1101 [r.
531 1044 556 1082 c.
567 1047 594 1083 ιι.
605 1027 665 1102 11⁷2]
685 1031 708 1083 Α
723 1029 852 1100 principio

57 1105 122 1157 vitae
147 1101 398 1173 tranquillissimus,
426 1102 490 1156 adeo
510 1108 540 1156 ut
564 1103 591 1155 in
614 1101 723 1156 infantia
745 1119 852 1174 quoque

57 1177 159 1232 vultum
174 1192 221 1230 nec
234 1193 268 1230 ex
277 1176 387 1248 gaudio,
404 1193 452 1229 nec
461 1193 495 1229 ex
505 1192 621 1229 moerore
630 1183 751 1229 mutaret.
790 1177 854 1229 Phi-

57 1249 188 1322 losophiae
205 1249 309 1304 deditus
323 1249 435 1316 Stoicam
457 1249 512 1319 ipse
526 1249 604 1303 etiam
618 1266 670 1303 non
685 1249 772 1303 solum
785 1249 854 1304 vitae

57 1324 189 1388 moribus,
203 1323 250 1378 sed
264 1324 341 1378 etiam
351 1323 497 1378 eruditione
506 1323 692 1395 philosophus:
713 1330 798 1377 tantae
807 1322 855 1376 ad-

57 1398 202 1454 mirationis
211 1397 299 1452 adbuc
307 1398 421 1464 iuvenis,
429 1405 458 1451 ut
466 1414 528 1451 eum
538 1415 713 1466 successorem
724 1397 854 1468 paraverit

57 1473 205 1528 Hadrianus
225 1472 386 1543 relinquere:
407 1471 526 1542 adoptato
544 1480 631 1526 tamen
651 1472 783 1526 Antonino
796 1472 852 1535 Pio,

57 1563 184 1620 generum
193 1546 283 1600 essaei
293 1545 518 1611 idcircovoluerit,
528 1554 559 1601 ut
570 1547 620 1601 boc
627 1547 719 1601 ordine
728 1547 761 1601 ad
772 1547 853 1617 impe

58 1622 128 1676 rium
137 1620 294 1691 perveniret.

111 1693 181 1749 Car.
202 1695 263 1748 XII.
282 1695 420 1748 institutus
428 1702 467 1748 est
476 1694 509 1748 ad
518 1693 711 1766 philosophiam
721 1711 766 1764 per
776 1692 857 1763 Apol-

60 1767 162 1824 lonium
173 1767 392 1836 Clralcedonium;
413 1768 446 1823 ad
456 1769 591 1822 scientiam
602 1767 735 1821 literarum
746 1767 856 1820 Graeca-

58 1860 119 1896 rum
138 1859 186 1913 per
203 1842 312 1896 Sextum
329 1842 550 1909 eunomianum,
572 1841 703 1898 Plutarchi
721 1848 854 1910 nepotem;

59 1916 166 1970 Latinas
176 1923 264 1970 autem
273 1915 361 1970 literas
371 1933 432 1971 eum
442 1918 552 1981 Fronto,
568 1925 653 1971 orator
663 1914 855 1977 nobilissimus,

59 1989 158 2044 docuit.
196 1990 245 2044 llic
255 2007 317 2044 oum
331 1991 456 2044 omnibus
470 1992 567 2045 Romae
581 2007 665 2062 aequo
676 1990 732 2043 iure
741 1988 807 2062 egit,
825 1988 858 2043 ad

60 2063 162 2119 nullam
176 2063 343 2119 insolentiam
351 2063 434 2118 elatus
445 2064 548 2136 imperii
558 2063 675 2138 fastigio:
697 2062 859 2118 liberalitatis

59 2137 267 2210 promtissImae:
288 2138 436 2210 provincias
451 2139 551 2212 ingenti
563 2139 724 2211 benignitate
736 2145 760 2192 et
771 2137 860 2191 mode-

60 2213 160 2267 ratione
179 2213 306 2266 tractavit.
345 2211 440 2267 Contra
462 2212 606 2267 Germanos
625 2230 655 2267 eo
677 2212 796 2283 principe
818 2227 859 2264 res

60 2285 169 2341 feliciter
182 2293 269 2358 gestae
282 2293 354 2339 aunt.
392 2285 493 2340 bellum
508 2287 565 2358 ipse
574 2304 659 2340 unum
672 2286 753 2413 pessit
762 2285 861 2338 Marco-

61 2359 230 2424 mannicum,
244 2359 289 2414 sed
304 2367 435 2432 quantum
448 2360 521 2415 nulla
535 2361 661 2414 memoria
687 2359 738 2422 uit,
754 2357 818 2413 adso
832 2365 861 2411 ut

61 2433 170 2489 Punicis
179 2432 335 2488 conferatur.
374 2435 441 2488 Nam
451 2435 599 2506 ecgravius
609 2441 648 2488 est
662 2433 772 2498 lactum,
789 2431 862 2506 quod

61 2507 180 2563 universi
200 2508 329 2562 exercitus
347 2507 459 2562 Romani
476 2509 615 2578 perierant.
654 2507 710 2562 Sub
727 2508 777 2562 boc
789 2508 861 2561 enim

62 2589 151 2637 tantus
165 2599 243 2636 casus
258 2580 418 2653 pestilentiae
431 2581 493 2648 luit,
512 2590 543 2636 ut
555 2590 613 2653 post
627 2583 761 2637 victoriam
777 2581 863 2636 Persi·

62 2671 137 2718 eam,
160 2657 258 2710 Romae
279 2673 310 2710 ac
330 2672 377 2726 per
397 2655 498 2710 ltaliam
523 2657 725 2728 provinciasque
747 2655 861 2708 maxima

64 2728 205 2784 bominum
223 2747 299 2801 pars,
320 2729 436 2784 militum
454 2747 546 2785 omnes
564 2730 616 2785 lere
633 2731 722 2801 copiae
738 2728 863 2800 languora

64 2801 214 2858 delmerint.

120 2876 190 2933 Cir.
206 2877 277 2932 XIII.
293 2879 395 2951 lugenti
404 2894 467 2950 ergo
477 2877 564 2933 labore
571 2886 597 2933 et
606 2875 789 2938 moderatione,
801 2890 863 2926 cum

64 2950 137 3023 apud
156 2951 321 3006 Carnuntum
340 2952 366 3006 iu
389 2954 394 2963 '
414 2952 527 3007 triennio
545 2957 747 3024 perseverasset,
763 2947 864 3002 bellum

64 3025 308 3083 Marcomannicum
320 3043 368 3082 con
380 3028 442 3093 ecit,
460 3026 533 3100 quod
546 3044 608 3082 cum
622 3025 666 3081 bis
679 3023 779 3092 Quadi,
795 3023 866 3079 Van-
