1906 3330
90 158 122 211 60
391 161 581 209 ΕΡΊἬΟΡῙΙ

144 261 212 316 Cae.
232 261 317 315 XVll.
336 258 404 333 (XI.)
423 258 717 325 0rno,occisoGelba,
729 260 829 317 invasit
839 260 886 315 im-

89 336 201 409 perium,
214 344 331 389 materno
339 352 434 408 genere
444 333 565 399 nobilior,
575 352 658 406 quem
666 342 783 405 peterno,
795 344 886 391 neutro

89 420 175 465 tnnrcn
186 410 309 463 obscuro:
332 409 358 461 in
370 409 470 478 private
480 410 533 463 vite
543 408 642 472 mollis,
653 417 678 462 et
688 409 800 463 Neronis
811 408 887 463 lemi-

90 484 175 537 liaris:
198 484 224 537 ia
241 483 350 553 imperio
363 482 551 537 documentum
565 483 608 536 sui
628 500 680 536 non
699 482 784 553 potnit
801 490 887 537 osten-

89 560 159 611 ‹lere.
199 560 265 610 Nam
292 574 354 610 cum
376 556 470 610 iisdem
492 557 670 625 temporibus,
698 556 798 626 quibus
820 556 887 611 oure

90 631 200 685 llallmm
220 630 361 693 ereidernt,
382 631 461 685 etiem
476 629 597 684 Vitellius
617 629 699 683 laetus
712 638 779 683 esset
795 649 810 684 e
824 629 887 685 Ger-

89 705 245 759 manicienis
269 705 427 759 exercitibus
448 706 600 774 imperator,
625 702 693 757 bello
715 712 804 757 eontra
826 720 886 758 enm

89 790 222 849 suscepto,
246 796 306 833 enm
326 779 397 849 opud
415 779 561 832 Betriacum
581 778 606 830 in
627 777 699 830 ltalia
718 777 770 831 levi
790 776 887 848 proelio

90 854 175 907 victus
189 862 269 917 esset,
287 854 405 925 ingentes
420 860 505 906 tamen
520 851 607 922 copias
617 851 650 903 ad
660 850 759 904 bellum
770 851 883 916 heberet,
926 846 929 867 ³

89 936 180 997 sponte
189 928 360 996 seraretipsnm
369 926 471 989 oeeidit,
484 925 630 995 petentibus
640 924 779 987 militibus,
791 942 826 979 ne
834 932 885 979 tem

89 1001 185 1053 citello
199 1000 262 1053 belli
276 1000 422 1068 desperaret
435 1007 545 1062 eventu,
564 1016 625 1051 cum
643 998 707 1051 tanti
720 1016 749 1051 se
764 1016 816 1052 non
831 1014 886 1052 esse

89 1074 212 1133 dixisset,
230 1081 259 1127 nt
274 1081 376 1142 propter
388 1089 450 1125 eum
464 1072 541 1125 civile
555 1071 655 1125 bellum
669 1082 883 1125 commoveretur.

89 1146 240 1201 Voluntaria
254 1156 335 1199 morte
344 1146 421 1210 obiit,
433 1145 567 1219 trigesimo
577 1153 699 1199 electore
708 1146 797 1199 aetatis
807 1160 884 1209 enno,

90 1220 259 1291 nonagesimo
269 1228 293 1273 et
303 1220 396 1289 quinto
409 1219 512 1290 imperii
522 1219 575 1273 die.
588 1217 620 1293 [a.
631 1237 655 1273 c.
667 1238 691 1273 a.
704 1216 752 1292 eu]

144 1294 213 1349 liae.
235 1294 329 1347 XVlll.
350 1293 697 1366 (xli.)ueinvrrrrr1us
717 1292 828 1363 imperio
841 1308 887 1363 po-

89 1368 152 1421 titus
167 1376 217 1432 cst,
233 1368 332 1422 familie
346 1368 470 1422 honorate
480 1368 579 1440 magis,
594 1384 675 1438 quem
687 1366 780 1421 nobili.
818 1368 885 1421 Nem

89 1450 160 1513 pater
174 1443 231 1497 eins
248 1460 299 1497 non
317 1442 460 1496 admodum
474 1441 542 1496 olere
553 1449 642 1504 natus,
658 1447 710 1493 tres
720 1448 807 1494 tamen
817 1440 886 1496 ordi·

91 1516 175 1569 narios
189 1524 303 1587 gesserat
316 1514 477 1571 consulatus.
516 1516 564 1569 llio
582 1532 643 1568 eum
661 1514 745 1567 multo
763 1514 886 1569 derleoore

91 1588 235 1659 'nrpmnvit
246 1598 270 1643 et
279 1590 354 1661 gravi
364 1590 471 1643 saevitia
482 1588 758 1659 notabilis,praecipue
769 1587 886 1661 ingluvie

95 1669 113 1714 rt
120 1664 266 1716 voracitate:
278 1663 377 1733 qnippe
387 1680 448 1715 eum
458 1662 490 1715 de
500 1662 542 1716 die
552 1680 628 1732 saepe
638 1670 732 1733 quarto
741 1661 782 1715 vel
794 1663 886 1733 quinto

95 1732 185 1789 ¹'oratur
213 1735 343 1806 epulatus.
384 1736 524 1790 Notissima
551 1746 618 1789 certe
643 1753 722 1789 cocae
747 1736 886 1790 memoriae

91 1810 210 1863 nrarnleta
220 1819 272 1873 est,
284 1826 364 1879 qnam
375 1809 398 1863 ei
411 1810 529 1863 Vitellius
541 1809 617 1864 lratcr
626 1810 760 1877 exlribuit3
784 1809 811 1863 in
822 1827 883 1881 qne,

87 1900 168 1952 snper
176 1892 271 1937 eeteros
280 1891 393 1945 sumtus,
401 1883 454 1937 duo
464 1883 546 1937 millia
556 1884 679 1954 piscium,
686 1892 785 1954 septem
795 1886 885 1937 evium

86 1956 171 2011 millio
182 1957 297 2027 apposita
309 1956 455 2010 traduntur.
489 1958 536 2010 llio
545 1974 606 2010 oum
617 1958 712 2021 Neroni
723 1957 821 2012 similis
831 1973 886 2011 cese

87 2029 178 2093 vellet,
195 2039 273 2100 etque
289 2029 316 2082 id
329 2030 392 2084 edce
406 2030 602 2099 praeseferret,
620 2040 649 2084 ut
658 2033 736 2085 etiam
746 2032 885 2102 exsequiae

86 2101 212 2165 Neronis,
229 2121 297 2173 quee
313 2103 447 2157 humiliter
457 2103 572 2174 sepultae
583 2104 696 2169 lucrant,
708 2105 860 2169 honoraret,
871 2122 885 2159 e

86 2174 239 2246 Vespasiani
251 2176 364 2230 ducibus
373 2177 474 2231 occisus
486 2186 536 2241 cst,
553 2177 682 2231 interiecto
692 2180 768 2248 prius
777 2178 884 2243 Sabino,

86 2246 240 2319 Vespasiani
256 2250 418 2319 imperatorie
433 2251 522 2315 lretre,
539 2269 620 2323 quem
634 2270 694 2305 eum
707 2252 836 2322 Capitolio
846 2253 886 2307 in-

85 2324 183 2377 cendit.
224 2323 373 2378 Interiectus
386 2333 472 2379 antem
482 2334 534 2389 est,
551 2334 645 2380 etcum
657 2344 753 2397 magno
762 2326 886 2381 dedecere

86 2403 184 2450 tructus
195 2415 240 2467 per
250 2398 341 2452 urbem
354 2399 463 2452 Romam
473 2399 590 2469 publice,
607 2400 707 2462 nudus,
719 2408 802 2455 erecta
812 2416 885 2455 come

84 2477 111 2522 et
120 2472 335 2541 capite,snlnecto
344 2471 376 2525 ed
387 2481 505 2526 mentum
514 2473 611 2545 gladio,
622 2482 731 2527 stercore
742 2474 769 2529 in
780 2474 886 2529 vultum

84 2552 112 2596 et
127 2554 216 2614 pectus
226 2545 259 2597 ab
272 2545 396 2599 omnibus
406 2546 492 2600 obviis
502 2548 644 2617 appetitus:
666 2555 797 2617 postremo
808 2550 886 2621 iugu-

86 2614 169 2683 latus,
191 2626 216 2671 ct
230 2618 256 2672 in
273 2620 386 2674 Tiberim
401 2619 530 2685 deiectus,
551 2621 628 2675 etiam
648 2622 783 2676 communi
803 2621 886 2679 ceruit
