1906 3330
85 66 117 120 72
386 70 578 117 aurnoen

84 169 265 242 philosophiae
285 169 421 225 scientiam
435 169 468 226 ad
483 169 592 242 plenum
607 168 726 242 adeptus.
764 168 833 225 Novi

85 263 160 299 mum
179 244 279 299 bellum
295 245 322 298 in
337 245 472 299 Br1tannia
486 244 593 310 habuit,
612 241 833 319 [a.c.1r.2⁰8.]ut

84 327 198 389 receptas
208 318 356 390 provincias
364 319 438 374 omni
448 318 583 374 securitate
592 317 715 383 muniret,
728 316 831 373 vallum

84 393 191 447 XXXII
205 391 288 446 miliia
303 409 432 464 passuum
447 411 462 447 a
475 393 542 448 mari
552 393 585 448 ad
596 410 667 448 mare
677 391 798 448 deduxit.

84 467 162 521 cessit
174 465 284 521 Eboraci
304 466 447 523 admodum
462 484 556 532 senex,
575 465 608 541 [a.
623 485 648 522 c.
663 485 689 521 n.
704 463 768 594 mi
781 467 833 539 imp

85 557 155 595 anno
164 540 355 606 sextodecimo,
368 558 458 596 mense
467 543 549 606 tertio,
560 549 584 594 et
593 540 673 595 divus
683 539 758 611 appel
769 548 830 596 atus

85 614 167 668 Filios
181 614 249 668 duos
261 632 422 670 successores
437 615 556 688 reliquit,
572 615 727 669 Bassianum
742 623 767 668 et
777 614 833 670 Getr

86 688 132 742 scd
145 689 270 744 Bassiano
285 689 410 745 Antonini
425 707 521 745 nomen
535 707 550 743 a
564 696 655 743 senatu
670 687 754 743 voluit
774 689 833 760 imp

86 764 177 835 Itaque
200 763 285 817 dictus
309 772 348 818 est
366 765 402 820 M.
423 764 547 819 Aurelius
565 763 714 817 Antoninus
732 764 833 818 Bassia!

86 839 208 909 patrique
217 837 349 892 successit.
390 839 458 892 Nam
468 839 541 902 Geta,
558 837 640 892 hostis
652 836 775 908 publicus
786 837 833 893 Iud

86 919 139 976 tus,
150 910 286 966 confestim
295 912 382 981 periit.

142 985 211 1040 Car.
232 985 295 1038 XX.
315 984 382 1056 (XI.)
406 985 532 1038 Manuos
551 986 633 1057 igitur
650 983 833 1040 Aunncrusa

87 1077 212 1113 ronanus
230 1059 408 1123 Bassianus,
431 1057 554 1130 idemque
567 1059 759 1123 Cannenses,
781 1076 833 1114 mor

87 1131 140 1186 iere
153 1140 319 1202 paternorum
330 1131 394 1198 inita
414 1130 504 1204 paullo
513 1132 628 1204 asperior
637 1139 662 1185 et
671 1132 773 1187 minax.
814 1132 833 1187 0

87 1207 185 1261 Romae
203 1206 341 1280 egregium
355 1206 414 1261 iecit
428 1206 539 1272 lavacri,
554 1223 623 1278 quae
636 1206 829 1261 Antoninianae

87 1280 231 1352 pellantur3
252 1280 318 1335 nihii
330 1285 458 1352 praetcrea
468 1279 645 1336 memorabile.
675 1280 833 1351 Impatiens}

87 1355 173 1420 dinis,
189 1356 280 1427 utqui
295 1372 433 1411 novercam
447 1372 524 1409 suam
539 1353 635 1408 Iuliam
648 1370 758 1408 uxorem
772 1353 833 1411 dux<

88 1427 231 1484 Debrnctus
244 1438 282 1483 est
293 1430 319 1483 in
330 1428 463 1484 Osdroene
472 1428 542 1499 apud
551 1428 692 1493 Edessam,
708 1426 741 1503 [a.
752 1445 778 1482 c.
789 1447 814 1483 a.
826 1439 833 1482 2

88 1504 200 1559 moliens
213 1502 355 1557 adversum
365 1502 473 1556 Parthos
483 1501 688 1572 expeditionem,
704 1519 775 1556 anuo
784 1502 833 1575 Imp

88 1577 134 1632 VI.
142 1594 232 1632 mense
243 1578 275 1630 II.
287 1576 333 1630 vix
342 1593 463 1648 egressus
474 1576 562 1630 aetatis
572 1576 655 1630 XLIII
665 1593 780 1642 annum3
797 1574 833 1631 Itu

89 1649 347 1722 pubiicoclatusest.

144 1724 214 1780 Car.
239 1723 315 1777 XXI.
340 1721 427 1795 (XII.)
456 1721 581 1778 Oarams
604 1723 698 1778 deinde
718 1723 833 1778 Macnrr

88 1799 137 1869 qui
155 1796 299 1870 praefectus
319 1797 445 1868 praetorio
464 1805 530 1861 erat,
552 1814 613 1851 cum
632 1797 686 1852 filio
705 1797 827 1852 Dranuu

89 1871 149 1927 facti
165 1873 346 1942 imperatores,
363 1871 429 1925 nihil
445 1870 613 1925 memorabile
623 1889 657 1925 ex
667 1870 792 1941 temporis
800 1871 833 1925 br

88 1953 140 2002 tate
148 1953 296 2018 gesserunt.
330 1947 397 2001 Nam
408 1945 549 2016 imperium
559 1962 650 1999 eorum
660 1944 744 1999 duum
755 1962 832 1999 mens

88 2027 114 2074 et
123 2020 206 2074 unius
215 2020 277 2073 anni
288 2018 348 2073 fuit.
363 2019 494 2074 Seditionc
504 2020 609 2074 militari
619 2019 697 2073 ambo
706 2018 803 2090 pariter
811 2036 833 2074 ot

89 2101 162 2148 sunt.
185 2113 207 2148 a.
218 2112 243 2148 c.
254 2111 280 2147 n.
292 2103 341 2148 218.

145 2090 214 2223 cia.
235 2168 322 2222 XXII.
347 2167 428 2239 XIII.)
447 2166 555 2222 Creatus
565 2165 727 2236 estposthos
737 2166 774 2219 III.
788 2165 832 2222 Au

90 2259 155 2297 crus
175 2242 356 2297 Aaroumue.
385 2239 722 2295 HicAntoniniCaracaIIae
733 2239 833 2312 iiliusp

90 2315 180 2372 batur:
202 2315 322 2371 sacerdos
332 2325 420 2370 autem
430 2313 590 2388 Heliogabali
601 2313 691 2384 templi
701 2321 764 2368 erat.
794 2316 833 2368 Is«

91 2390 201 2445 Romam
224 2390 324 2463 ingenti
346 2397 370 2443 et
394 2388 509 2443 militum
531 2397 555 2443 et
575 2396 681 2442 senatus
700 2396 832 2459 exspectat

91 2465 218 2528 venisset,
235 2463 339 2535 probris
354 2480 383 2517 se
397 2463 522 2517 omnibus
535 2461 732 2517 contaminavit.
772 2462 833 2534 Imp

91 2537 197 2593 cissImc
211 2548 236 2592 et
249 2536 436 2593 obscenissime
451 2536 532 2602 vixit,
551 2535 711 2608 bisamoque
724 2543 819 2607 postet

388 2796 549 2855 ,Α
