1906 3330
396 538 513 586 LIBER
534 538 568 587 V.
846 537 879 588 39

135 638 205 694 Car.
225 637 270 693 IV.
290 637 354 712 (ill.)
373 637 450 694 Anno
469 641 544 693 urhis
561 637 679 693 eonditae
695 638 811 694 DCLXll
825 657 882 710 prr-

82 729 160 767 mum
178 713 275 767 Romae
295 712 394 766 hellum
413 713 522 768 Crvraa
542 720 703 768 oommotum
717 720 768 767 est:
790 715 880 767 eodem

82 804 152 842 anno
167 786 247 840 etiam
266 786 481 841 Mithridaticum.
504 785 539 862 [A.
554 807 580 843 u.
597 785 658 862 oth]
679 787 792 841 Causam
812 788 881 842 hello

82 860 156 915 oivili
170 859 201 915 C.
215 860 315 915 Marius
334 861 418 915 sexies
437 860 504 916 Cos.
525 861 606 915 dedit.
645 863 713 915 Nam
732 878 791 914 oum
807 861 880 916 Sulla

81 934 175 990 oonsul
184 942 272 989 eontra
282 935 459 989 Mithridatem
468 943 591 1007 gesturus
601 933 715 998 bellum,
732 937 779 1005 qui
789 934 879 990 Asiam

82 1017 109 1064 et
121 1008 247 1063 thaiam
255 1019 437 1079 oocupaverat,
450 1010 602 1073 mitteretur,
614 1009 690 1080 isque
700 1011 841 1063 exereitum
853 1012 879 1064 in

83 1083 228 1154 Campania
241 1082 384 1154 paullisper
397 1091 506 1146 teneret,
524 1092 552 1136 ut
565 1081 626 1136 helli
640 1082 761 1147 Socialis,
776 1083 881 1155 (dequo

81 1157 215 1230 diximus)
231 1157 303 1229 quod
322 1159 388 1211 intra
403 1156 504 1210 ltaliam
518 1164 622 1229 gestum
636 1155 733 1220 fuerat,
756 1157 881 1228 reliquiae

83 1229 247 1295 tollerentur;
263 1231 363 1285 Marius
373 1230 509 1295 alleotavit,
521 1239 551 1284 ut
561 1230 615 1301 ipse
625 1229 656 1283 ad
667 1229 767 1283 bellum
778 1232 881 1285 Mithri-

83 1305 200 1359 daticum
222 1304 374 1359 mitteretur.
414 1303 472 1369 Qua
496 1321 523 1357 re
542 1303 614 1358 Sulla
636 1312 795 1367 commotus,
818 1322 879 1357 eum

83 1379 200 1434 exercitu
212 1377 247 1431 ad
260 1379 353 1432 urbem
367 1378 448 1433 venit.
488 1377 545 1431 lllio
558 1385 646 1431 eontra
659 1378 771 1431 Marium
786 1387 811 1431 et
820 1377 880 1432 Sul·

83 1453 184 1524 pieium
208 1450 352 1506 dimicavit.
391 1452 495 1505 Primus
519 1452 612 1506 urbem
632 1452 740 1506 Romam
765 1459 880 1506 armatus

84 1527 220 1600 ingressus
236 1534 288 1590 eat,
310 1524 457 1596 Sulpicium
479 1524 616 1589 interleoit,
636 1526 749 1579 Marium
768 1524 879 1598 fugavit,

84 1608 163 1672 atque
185 1599 221 1653 ita
244 1599 328 1654 Cosa.
351 1598 478 1653 ordinatis
502 1598 528 1653 in
550 1598 671 1653 futurum
689 1616 804 1663 annum,
830 1600 880 1654 Cn.

84 1672 193 1729 Osterio
205 1681 232 1821 a}
243 1674 273 1727 L.
289 1672 409 1729 Cornelio
420 1672 521 1738 Cinna,
538 1672 570 1727 ad
585 1671 674 1727 Asiam
689 1672 819 1743 proiectus
831 1683 879 1726 est.

96 1765 122 1803 A.
132 1767 160 1804 u.
172 1757 221 1801 665.

86 1745 97 1823 i
138 1821 208 1877 Car.
228 1821 261 1877 V.
280 1821 442 1877 Mithridates
455 1821 541 1888 enim,
558 1821 606 1894 qui
618 1820 692 1876 Ponti
704 1828 827 1886 rexerat,
844 1833 882 1876 at·

84 1913 138 1968 que
155 1894 307 1951 Armeniam
326 1897 454 1951 minorem
473 1905 497 1950 et
514 1903 595 1951 totum
610 1895 747 1950 Ponticum
767 1912 838 1950 mare
854 1895 881 1949 in

83 1969 197 2024 eiroaaitu
206 1986 268 2024 oum
277 1971 390 2042 Bosporo
399 1971 515 2035 tenebat,
526 1970 612 2042 primo
621 1969 802 2034 Nioomedem,
815 1970 882 2024 ami-

84 2060 147 2099 oum
156 2043 247 2115 populi
257 2045 381 2110 Romani,
392 2045 515 2131 Bithynia
525 2044 609 2100 voluit
618 2042 755 2116 expellere,
768 2044 883 2098 senatui·

85 2135 138 2190 que
146 2117 289 2182 mandavit,
297 2117 467 2173 bellumseer
477 2118 779 2190 propteriniurias,quas
788 2135 882 2188 passus

85 2190 183 2256 luerat,
194 2190 339 2247 illaturum.
378 2192 502 2247 Asenatu
514 2209 669 2264 responsum
678 2200 717 2246 est
726 2192 879 2255 Mithridati,

85 2266 109 2319 si
126 2265 154 2320 id
165 2263 271 2331 saeeret,
286 2265 358 2338 quod
371 2265 470 2320 bellum
484 2266 633 2321 allemania
642 2274 667 2319 et
677 2266 733 2336 ipse
741 2273 881 2337 pateretur.

85 2339 172 2406 Quare
189 2339 271 2394 iratus
292 2339 482 2411 Cappadociam
502 2340 589 2395 statim
602 2339 752 2410 occupavit,
768 2349 792 2394 et
806 2356 839 2394 ex
853 2356 881 2394 ea

84 2413 302 2479 Ariobarzanem,
316 2431 404 2486 regem
413 2422 438 2468 et
447 2414 563 2470 amicum
573 2413 663 2484 populi
674 2414 794 2479 Romani,
807 2413 882 2486 luga-

86 2488 134 2542 vit.
173 2487 235 2542 Mox
253 2487 330 2542 etiam
349 2488 500 2561 Bithyniam
518 2487 615 2541 invasit
628 2496 652 2542 et
666 2487 763 2558 Paphla
782 2489 880 2550 oniam,

84 2560 170 2634 pulsia
181 2577 215 2616 ex
225 2577 254 2614 ea
264 2561 380 2634 regibus,
393 2561 484 2615 amieis
495 2560 585 2632 populi
595 2561 716 2624 Romani,
728 2505 883 2634 Pyiaemene

85 2643 111 2690 et
119 2633 269 2690 Nioomede.
308 2634 372 2689 Inde
383 2635 518 2706 Ephesum
529 2635 673 2699 oontendit,
689 2642 713 2688 et
722 2651 881 2705 peromnem

85 2709 175 2764 Asiam
187 2709 274 2763 literas
283 2709 368 2776 misit,
385 2717 428 2773 nt,
443 2709 596 2780 ubieunque
606 2708 706 2763 inventi
717 2716 803 2761 essent
812 2708 882 2762 oives

86 2782 206 2848 Romam,
218 2799 273 2837 uno
281 2782 324 2837 die
333 2782 521 2838 ooeiderentur.

140 2856 209 2912 Car.
230 2857 274 2913 vl.
294 2858 392 2912 Interea
405 2858 483 2912 etiarn
503 2855 631 2920 Athenae,
652 2855 744 2909 civitas
758 2853 880 2918 Achaiae,

90 2930 120 2984 ab
130 2929 260 2985 Aristione
269 2929 421 2986 Atheniensi
431 2929 574 2986 Mithridati
585 2929 677 2984 tradita
691 2936 739 2982 est.
779 2929 884 2982 Miserat

95 3007 158 3060 arim
173 3005 225 3059 iam
239 3004 274 3060 ad
286 3005 412 3062 Achaiam
427 3004 589 3063 Mithridates
602 3001 775 3068 Archelaum,
789 3001 888 3057 ducem
