1906 3330
75 151 119 205 ⁴II
386 153 576 203 EUTROPII

85 261 185 312 scilicet
200 260 263 312 tetes
272 259 327 310 illic
336 261 390 326 fera
401 273 499 318 omnes,
515 258 677 324 qualisnam
686 255 742 322 Pyra

85 334 195 401 Epirum
208 341 233 385 et
247 334 375 399 reliquom
389 331 527 385 Graeciam
537 338 684 397 putaretur.
699 329 741 400 (VI

86 415 148 461 sunt
161 413 247 460 contra
257 406 388 478 Pyrrhum
399 405 478 458 duces
489 406 518 457 P.
530 403 662 476 Sulpicius
672 410 696 456 et
706 405 741 456 De

86 480 216 535 oonsules.
236 478 275 553 [a.
296 500 322 535 n.
343 476 408 553 tta]
439 479 585 534 Certamine
603 478 742 532 commisso

87 555 238 608 vulneratus
257 562 308 620 est,
330 553 459 625 elephanti
479 553 617 616 interfecti,
639 553 692 606 XX
710 554 742 605 mi

85 628 215 694 hostium,
230 638 295 683 etex
308 630 431 683 Romanis
441 638 544 682 tantum
554 629 673 700 quinque
682 626 739 680 mill

85 703 152 757 rhus
162 704 301 758 Tarentum
312 704 426 777 fugatus.

140 778 209 834 Car.
230 780 301 834 XIV.
323 780 454 832 Interiectu
468 796 536 831 anno
552 776 585 852 [x.
601 797 627 831 u.
639 773 700 851 lit]
714 793 742 830 co

85 852 166 907 rhum
187 854 323 908 Fabricius
342 861 381 907 est
399 854 511 917 missus,
537 852 584 923 qui
604 852 678 922 prius
698 852 742 904 intt

85 927 218 982 sollicitari
238 946 290 982 non
309 936 438 999 potuerat,
459 934 550 998 quarta
568 935 639 996 parte
653 927 725 999 regni
740 944 742 996 j

85 1003 168 1067 Tum,
185 1020 245 1056 oum
262 1003 346 1056 vicina
361 1010 442 1056 castra
455 1001 510 1072 ipse
519 1009 544 1053 et
554 1018 599 1054 rex
609 1001 742 1054 haberent.

85 1076 181 1150 Pyrrhi
195 1077 228 1130 ad
240 1095 300 1130 eum
313 1084 385 1132 nocte
395 1076 478 1140 venit,
491 1076 655 1146 promittens,
668 1094 695 1128 se
707 1094 742 1128 ver

85 1152 165 1205 rhum
185 1153 346 1216 occisurum,
367 1152 389 1204 si
408 1151 460 1204 sibi
480 1150 582 1221 aliquid
601 1149 743 1221 pollicerett

85 1225 222 1281 Fabricius
237 1227 355 1281 vinctum
369 1226 456 1280 reduci
471 1226 547 1280 iussit
557 1225 590 1279 ad
603 1225 741 1278 dominum

85 1301 218 1372 quodid,
235 1319 302 1374 quae
311 1310 399 1357 contra
409 1309 486 1373 caput
495 1301 552 1355 eius
561 1300 679 1355 medicus
688 1317 742 1371 spol

85 1376 215 1432 Tuncrex
225 1377 367 1432 admiratus
378 1395 447 1442 eum,
460 1377 559 1430 dixisse
568 1376 662 1430 fertur:
681 1377 742 1429 lue,

86 1456 154 1516 ctus,
170 1458 215 1522 qut
228 1456 361 1522 difficilius
374 1456 407 1506 ab
420 1456 561 1514 honestate,
580 1469 657 1520 quam
670 1453 708 1504 sol
718 1470 736 1504 u

85 1533 169 1581 everti
179 1536 270 1594 potest.
309 1527 376 1579 Tum
390 1544 436 1580 rex
451 1526 483 1580 ad
494 1525 609 1579 Siciliam
620 1524 742 1597 proiectus

84 1599 198 1665 bricius,
225 1600 301 1653 victis
320 1600 482 1654 Samnitibus
500 1608 525 1653 et
544 1601 669 1664 Lucanis,
696 1601 742 1653 trie

86 1671 121 1747 [e.
133 1693 159 1730 u.
171 1671 231 1748 tlt]
243 1674 326 1730 Coss.
347 1674 453 1739 deinde,
470 1675 566 1729 Curius
576 1677 699 1729 Dentatus
710 1684 734 1728 et

85 1748 225 1813 Lentulus,
248 1748 373 1804 adversus
393 1750 524 1823 Pyrrhum
541 1750 616 1803 missi
634 1758 709 1817 sunt3
733 1748 742 1823 [

85 1822 182 1877 Curius
199 1832 286 1879 eontra
305 1840 366 1878 eum
386 1825 526 1897 pugnavit,
547 1824 688 1879 exereitum
708 1825 742 1878 eit

85 1897 173 1968 ipsum
189 1899 328 1953 Tarentum
346 1898 459 1972 fugavit,
480 1908 562 1953 castra
580 1901 656 1970 oepit.
696 1899 733 1952 Ea

84 1971 201 2026 hostium
210 1973 299 2028 XXIII
310 1974 403 2028 millia.
440 1974 536 2028 Curius
550 1975 576 2028 in
587 1973 723 2028 consulatu
733 1981 743 2026 t

84 2046 136 2113 vit;
157 2048 261 2118 primus
276 2050 383 2103 Romam
400 2048 549 2119 elephantos
567 2057 679 2120 quatuor
693 2049 742 2101 dux

84 2118 146 2195 tta]
166 2122 284 2195 Pyrrhus
302 2125 380 2178 etiam
400 2142 414 2178 a
431 2125 540 2177 Tarento
555 2141 617 2178 mox
633 2125 738 2177 recessit

84 2195 178 2269 Argos,
191 2197 312 2252 Graeciae
324 2200 463 2263 civitatem,
475 2201 576 2254 occisus
585 2205 632 2252 est.

140 2271 206 2326 Car.
233 2273 292 2328 XV.
318 2273 394 2346 (IX.)
419 2273 449 2328 C.
470 2274 550 2328 Fabio
569 2274 659 2327 Licino
677 2272 741 2328 etC

85 2345 184 2404 Canina
198 2346 281 2402 Coss.
292 2365 362 2402 auno
372 2349 445 2403 urbis
455 2348 572 2402 oonditae
582 2347 743 2402 cccclxx

85 2419 270 2487 Alexandrini,
289 2441 303 2477 a
317 2422 461 2477 Ptolemaeo
475 2423 563 2487 missi,
579 2423 689 2476 Romam
703 2440 742 2476 vei

85 2496 210 2553 Romanis
219 2498 369 2562 amicitiam,
381 2515 461 2568 quam
472 2497 605 2569 petierant,
617 2497 742 2551 obtinuen

140 2572 208 2628 Car.
224 2573 296 2628 XVI.
312 2573 408 2639 Quinto
418 2571 541 2645 Ogulni0,
554 2570 584 2626 C.
596 2571 677 2626 Fabio
686 2573 742 2626 Piot

86 2642 123 2720 [a.
133 2665 160 2703 u.
173 2645 233 2723 ltu]
244 2649 360 2707 Picentes
370 2648 469 2703 bellum
479 2663 650 2713 commovere,
662 2653 687 2700 et
695 2646 742 2702 ahi
