1906 3330
314 150 353 225 38Ἰ
617 151 808 198 sesaoen

313 253 419 308 duobus
442 251 546 325 proeliis
565 251 607 307 CC
627 252 711 306 millia
732 251 849 305 hostium
870 266 896 304 ce

314 327 399 381 millia
420 329 500 398 oepit,
523 334 548 382 et
569 326 663 380 dueem
680 341 772 380 eorum
791 325 896 378 Teutoha

315 402 387 474 quod
397 403 520 456 meritum
530 401 625 455 absens
634 401 727 471 quinto
742 400 808 455 Cos.
822 407 861 452 est
869 397 894 452 fa

370 476 439 531 en.
457 477 490 528 ΙΙ.
511 477 610 528 Interea
620 474 721 529 Cimbri
731 482 756 527 et
766 473 894 526 Teutones

315 549 403 602 adhue
416 548 518 602 infinita
533 557 599 612 erat,
616 548 650 602 ad
664 548 764 602 ltaliam
779 547 896 600 transiem

316 622 346 676 C.
361 622 443 676 Mario
457 630 482 675 et
496 621 528 687 Q.
545 621 637 678 Catulo
650 629 738 676 eontra
751 637 795 674 eos
805 620 896 673 dimica

316 695 403 750 Catuli
417 704 489 766 parte
503 695 615 751 felicius.
654 697 721 750 Nam
736 694 847 765 proelio,
865 712 896 764 qt

315 777 466 842 gesserunt,
477 770 545 825 CXL
557 770 649 835 millia,
662 769 743 824 autin
754 786 854 841 pugna,
866 786 896 821 au

315 850 392 911 sunt3
413 844 462 898 LX
479 844 563 898 millia
583 851 666 914 capta.
706 844 816 896 Romani
836 841 896 895 mili¹

316 917 430 973 exercitu
450 919 554 972 trecenti
574 919 716 988 perierunt.
756 917 816 969 Tria
835 924 859 968 et
879 923 896 968 t1

316 992 393 1063 signa
406 990 509 1045 sublata
521 999 593 1044 sunt.
631 992 673 1044 Ex
682 991 725 1042 his
735 989 864 1042 exercitus
875 991 896 1042 M

316 1065 390 1129 tavit,
402 1063 487 1118 Catuli
497 1064 625 1117 exercitus
634 1064 744 1116 XXXet
753 1080 849 1116 unum.
870 1065 895 1116 Is

315 1136 468 1206 triumphus
479 1138 584 1206 utrique
593 1136 710 1190 decretus
720 1145 768 1190 est.

372 1209 440 1265 Cae.
461 1211 507 1264 111.
527 1209 579 1283 (Π.)
598 1209 660 1264 Sex.
676 1210 741 1264 lulio
755 1211 863 1265 Caesare
872 1217 896 1263 et

316 1282 389 1355 lippo
407 1284 490 1339 Coss.
512 1281 547 1359 [a.
563 1303 590 1340 υ.
606 1282 667 1358 661]
686 1284 874 1339 sexcentesimo
894 1307 896 1331 ι

317 1375 386 1413 nono
397 1376 466 1413 anno
476 1359 509 1413 ab
518 1359 584 1413 urbe
592 1359 708 1423 condia,
725 1376 787 1414 cum
797 1375 896 1429 propes

316 1441 455 1498 oessarent,
463 1434 491 1488 in
501 1432 573 1487 Italia
583 1434 772 1506 gravissimum
781 1432 881 1486 bellum
891 1434 896 1484 ]

317 1506 472 1580 Pelignique
485 1514 637 1573 moverunt3
658 1509 719 1577 qui,
736 1524 796 1561 cum
812 1506 889 1559 annis

315 1580 414 1651 populo
424 1581 540 1634 Romano
549 1580 696 1643 obedirent,
713 1587 771 1633 tum
782 1580 896 1632 libertate

317 1671 431 1707 asserere
440 1668 589 1723 eoeperunt.
614 1653 793 1707 Perniciosum
804 1653 896 1707 admod

316 1726 377 1780 fuit.
397 1726 548 1781 Pantilius
558 1726 648 1781 oonsul
660 1730 687 1780 in
698 1745 728 1782 eo
737 1729 839 1781 occisus
849 1736 896 1792 est,

317 1800 435 1864 iuvenis,
452 1807 477 1855 et
491 1802 596 1855 Porcius
610 1801 685 1864 Cato,
702 1800 770 1855 alius
785 1802 852 1856 Cos.
866 1800 896 1875 [a

317 1883 404 1928 autem
419 1874 545 1928 adversus
559 1875 689 1929 Romanos
704 1876 854 1930 Picentibus
866 1885 890 1929 et

317 1947 464 2012 T.Vettius‚
476 1948 580 2002 Hierius
589 1948 707 2014 Asinius
719 1951 750 2003 T.
762 1951 896 2004 Herennia¹

317 2022 340 2076 Α
355 2022 479 2076 Romanis
493 2023 559 2076 bene
572 2031 659 2077 eontra
675 2041 718 2078 eos
733 2033 880 2097 pugnatum

317 2096 365 2166 qui
383 2095 469 2149 sexies
485 2095 576 2150 consui
594 2095 690 2161 fuerat,
710 2107 735 2152 et
750 2116 765 2152 a
780 2099 829 2153 Cn.
846 2100 896 2152 Pon

317 2177 405 2223 tamen
424 2187 438 2223 a
457 2170 490 2224 L.
507 2169 627 2226 Cornelio
646 2171 732 2236 Sulla,
753 2176 799 2243 qui
817 2173 883 2225 inter

317 2241 484 2308 Cluentium,
501 2243 617 2328 aestium
633 2246 740 2311 ducem,
756 2263 817 2300 cum
832 2264 896 2319 mag]

317 2325 347 2370 ut
361 2335 394 2372 ex
408 2318 465 2372 suis
483 2335 566 2372 unum
582 2321 717 2374 amitteret.
756 2320 896 2386 Quadriem

317 2398 404 2445 tamen
427 2391 585 2458 calamitate,
608 2394 658 2449 hoc
679 2393 779 2448 bellum
800 2402 896 2447 tractus

318 2465 425 2520 demum
445 2484 514 2521 enno
534 2467 613 2522 finem
631 2468 728 2538 accepit
741 2485 786 2537 per
801 2470 832 2521 L.
848 2468 896 2523 Cor

318 2539 462 2604 eonsulem,
469 2557 530 2594 oum
540 2550 614 2596 antea
625 2543 653 2596 in
663 2542 753 2596 eodem
764 2541 833 2596 bello
843 2542 896 2613 ipse

317 2613 364 2667 sed
373 2621 483 2686 praetor,
495 2624 599 2688 egasset.
