1906 3330
340 503 456 548 LIBER
478 504 524 549 lx.

789 562 805 589 x
845 576 871 595 u,

39 619 113 674 {uam
124 601 152 656 in
164 600 218 655 ullo
227 600 348 655 amabilis
358 602 508 673 imperator.
541 602 613 656 Trux
622 603 694 657 omni
705 590 888 674 temporeN⁴

39 677 109 730 etiarn
120 675 168 729 filii
179 677 274 730 sororis
285 674 443 730 interfector:
465 676 619 746 disciplinae
634 686 720 731 tamen
734 678 829 731 milita·
878 666 901 685 “

39 751 68 804 ris
77 758 102 804 et
113 767 217 805 urorum
225 749 412 803 dissolutorum
423 768 519 822 magna
533 768 566 804 ex
575 759 647 821 parte
657 750 791 805 corrector.

85 823 154 884 Car.
175 824 234 878 XV.
257 825 352 877 Urbem
366 825 477 878 Romam
496 825 581 878 muris
595 825 756 879 firmioribus
774 826 830 880 cin-

39 897 85 952 rit:
107 896 235 966 templum
249 897 303 951 Soli
323 898 483 961 aedificavit,
504 899 531 952 in
550 916 604 970 quo
622 900 757 954 infinitum
771 901 828 954 auri

39 988 250 1043 gemmarumque
260 972 402 1026 constituit.
441 973 606 1027 Provinciam
615 975 733 1038 Daciam,
747 991 830 1045 quam

39 1046 159 1099 Traianus
177 1045 246 1099 ultra
264 1047 416 1099 Danubium
432 1045 537 1109 lecerat,
558 1046 709 1110 intermisit,
731 1056 830 1102 vastato

39 1120 103 1173 >mni
119 1118 223 1191 Illyrico
232 1127 257 1174 et
269 1120 374 1184 Moesia,
387 1119 540 1190 desperans,
556 1136 613 1173 eam
624 1138 700 1189 posse
709 1122 827 1175 retineri:

39 1193 210 1263 abductosque
228 1194 359 1248 Romanos
378 1211 412 1247 ex
433 1194 544 1247 urbibus
562 1201 586 1247 et
606 1194 676 1265 agris
696 1195 787 1247 Daciae
801 1195 829 1248 in

39 1267 117 1321 nedia
137 1267 232 1321 Moesia
251 1267 398 1331 collocavit,
421 1266 613 1338 appellavitque
634 1285 691 1320 eam
713 1269 827 1331 Daciam,

39 1358 99 1413 prae
109 1359 181 1395 nunc
189 1341 255 1395 duas
261 1342 370 1396 Moesias
381 1341 476 1396 dividit
485 1349 509 1395 et
518 1348 556 1394 est
567 1342 593 1395 in
603 1341 692 1396 dextra
699 1342 827 1406 Danubio,

39 1418 58 1470 n
73 1433 145 1469 mare
158 1414 262 1480 fluenti,
278 1433 339 1469 cum
353 1424 428 1469 antea
442 1414 560 1470 fueritin
574 1415 657 1470 laeva.
696 1415 830 1470 Occiditur

39 1489 101 1544 servi
111 1489 152 1543 sui
162 1488 262 1553 fraude,
269 1490 316 1561 qui
327 1490 359 1544 ad
370 1490 499 1561 quosdam
510 1489 634 1543 militares
647 1493 724 1553 viros,
732 1490 829 1546 amicos

39 1563 240 1636 psius,n0miua
249 1563 355 1634 pertulit
364 1571 493 1627 annotata,
506 1561 570 1616 laiso
581 1581 690 1616 manum
701 1565 758 1618 eius
768 1565 829 1618 imi-

39 1647 109 1702 atus,
120 1645 246 1708 tanquam
256 1638 414 1692 Aurelianus
425 1638 496 1708 ipsos
505 1645 606 1707 peraret
615 1637 738 1691 cocidere.
779 1639 829 1692 lta-

39 1729 83 1784 {ue
92 1719 122 1766 ut
131 1712 334 1782 praeveniretur,
341 1713 374 1766 ab
384 1711 478 1765 iisdem
488 1710 635 1765 interiectus
644 1719 681 1763 est
691 1711 718 1764 in
728 1711 829 1764 itineris

39 1786 130 1850 nediu,
152 1785 224 1856 quod
240 1786 307 1840 inter
325 1785 565 1855 Constantinopolin
584 1792 609 1838 el
626 1783 774 1838 Heracleam
791 1793 830 1838 est

39 1868 125 1914 stratae
134 1860 238 1914 veteris.
258 1861 342 1914 Locus
349 1859 575 1931 Caenophrurium
584 1858 738 1929 appellatur.
759 1859 829 1913 Mors

39 1952 118 1988 amen
133 1933 190 1988 eius
201 1934 283 1988 inulta
294 1951 347 1988 nou
357 1933 416 1988 luit.
455 1935 549 1989 Meruit
561 1950 667 2004 quoque
678 1933 743 1986 inter
753 1932 829 1988 divos

39 2008 131 2063 elerri.
172 2008 654 2080 imperavitannosquinque,menses
664 2007 707 2063 Vl.

85 2082 154 2137 Car.
176 2082 247 2137 XVI.
268 2081 322 2154 (X.)
342 2083 473 2137 Tacrrus
491 2089 550 2154 post
566 2082 639 2135 huuc
652 2081 766 2152 suscepit
779 2081 830 2135 im-

39 2156 149 2227 oerium3
171 2156 213 2209 vir
226 2157 330 2229 egregie
344 2163 473 2221 moratus,
488 2164 513 2210 et
527 2155 685 2227 reipublicae
700 2154 829 2226 gerendae

39 2231 153 2285 donem.
192 2230 265 2284 Nihil
280 2237 366 2284 tamen
381 2229 481 2284 clarum
496 2231 580 2302 potuit
593 2229 740 2293 ostendere,
761 2229 829 2282 intra

39 2311 136 2360 textum
147 2321 264 2358 mensem
275 2304 377 2375 imperii
388 2312 470 2359 morte
479 2311 646 2375 praeventus.
659 2301 691 2376 [r.
703 2321 727 2356 e.
734 2321 759 2356 n.
766 2299 827 2374 ltu]

39 2380 217 2442 leomarus,
239 2379 286 2450 qui
296 2379 383 2432 Tacito
392 2386 564 2443 successerat,
575 2377 680 2432 duobus
693 2376 829 2430 mensibus

39 2462 54 2510 t
62 2453 218 2510 diebusXX
226 2453 254 2508 io
264 2453 375 2525 imperio
384 2452 445 2521 luit3
468 2469 554 2524 neque
562 2453 706 2524 quicquam
716 2451 829 2522 dignum

39 2529 155 2584 nemoris
164 2529 228 2600 egit.

85 2602 153 2658 Car.
174 2603 258 2656 XVll.
278 2600 345 2674 (ΧΙ)
365 2600 506 2655 Postbunc
524 2601 651 2663 Prosus,
667 2600 709 2652 vir
719 2596 830 2652 illustris

39 2675 114 2749 gloria
128 2675 249 2741 militari,
267 2675 300 2730 ad
313 2675 565 2729 administrationem
578 2673 736 2743 reipublicae
745 2688 830 2725 acces·

39 2751 74 2804 tit.
89 2747 123 2879 Er.
134 2767 159 2805 c.
170 2769 195 2805 rr.
207 2747 268 2823 ltu]
290 2749 389 2803 Gallias
409 2766 423 2802 a
442 2748 562 2803 barbaris
578 2756 714 2817 occupatas
729 2745 829 2818 ingenti

39 2825 188 2880 meierum
217 2823 336 2878 felicitate
364 2821 486 2877 restituit.
525 2821 658 2888 Quosdam
688 2821 829 2891 imperium

39 2917 159 2971 rsurpare
168 2905 280 2963 conatos,
292 2896 389 2952 scilieet
398 2895 570 2951 Saturninum
581 2897 608 2949 in
614 2894 727 2958 Oriente,
735 2897 831 2948 Procu-

41 2992 87 3029 um
100 2982 126 3030 et
139 2975 273 3030 bonosum
287 2971 460 3046 Agrippinae,
477 2969 568 3024 multis
581 2969 768 3024 certaminibus
783 2985 831 3038 op·
