1906 3330
373 467 488 512 LIBER
510 468 545 513 X.
825 462 858 514 87

57 586 233 633 senuimus,
254 584 288 622 ex
305 566 450 621 obscuriori
464 565 630 622 matrimonio
648 565 705 622 eius
722 566 808 633 filius,
830 569 858 622 in

57 643 192 700 Britannia
201 649 304 696 creatus
312 649 351 696 est
361 641 509 712 imperator,
521 638 618 715 [non.
628 639 688 715 tot]
699 643 760 696 etin
771 641 859 696 locum

59 719 140 790 patris
148 715 362 787 exoptatissimus
370 715 516 770 moderator
524 715 639 769 occessit.
656 717 752 770 Romae
762 717 859 770 interce

58 790 229 863 praetoriani,
250 791 360 844 excitato
378 789 508 854 tumultu,
527 791 723 854 Mnemon,
745 790 860 844 Herculii

60 867 161 930 filium,
177 864 224 936 qui
238 864 311 919 haud
324 864 415 936 procul
428 865 462 918 ab
471 864 537 918 urbe
546 863 574 918 in
585 863 647 919 villa
657 863 763 935 publica
774 883 860 919 mora-

60 941 150 1004 batur,
171 938 323 1011 duqustum
342 947 572 1008 nuncupaverunt.
596 936 628 1012 [r.
640 956 664 993 c.
676 958 701 993 n.
713 937 774 1014 eut]
803 939 861 1005 Quo

61 1014 154 1069 nuntio
168 1013 346 1068 Maximianus
361 1012 498 1066 Herculius
512 1010 545 1066 ad
559 1029 634 1082 spem
653 1021 767 1067 arrectus
787 1032 861 1068 resu·

61 1088 150 1143 mendi
161 1086 268 1162 fastigii,
279 1086 352 1158 quod
362 1087 462 1140 invitus
471 1086 602 1150 amiserat,
610 1087 719 1140 Romam
730 1087 862 1144 advolavit

61 1161 296 1234 eeroanio‚quam
306 1160 395 1214 sedem
403 1160 522 1231 privatus
531 1159 650 1231 elegerat,
658 1161 685 1213 in
695 1161 766 1232 agris
775 1179 862 1216 amoe-

61 1236 180 1292 nissimis
189 1252 389 1302 consenescens3
410 1233 654 1305 Diocletianumque
661 1235 739 1288 etiam
749 1252 794 1305 per
805 1235 862 1289 lite-

61 1329 104 1365 ras
119 1310 270 1365 adhortatus
283 1317 335 1374 est,
350 1316 380 1363 ut
389 1308 534 1380 depositam
544 1317 686 1363 resumeret
695 1317 859 1379 potestatem3

62 1402 129 1457 quas
144 1384 188 1438 ille
198 1384 283 1438 irritas
293 1383 396 1438 habuit.
436 1382 487 1437 Sed
497 1383 639 1437 advorsum
650 1392 750 1437 motum
761 1393 863 1454 praeto-

62 1457 196 1513 rianorum
205 1466 284 1530 atque
294 1457 417 1512 Maxentii
428 1456 541 1512 Severus
551 1456 659 1522 Caesar,
676 1459 786 1512 Romam
797 1459 863 1512 mis-

62 1551 132 1588 susa
142 1531 255 1596 Galerio,
267 1549 329 1585 cum
339 1532 453 1586 exercitu
465 1532 550 1598 venit;
571 1531 749 1603 obsidensque
757 1532 860 1596 urbem,

62 1607 178 1662 militum
189 1624 298 1661 suorum
309 1604 404 1661 scelere
413 1605 531 1659 desertus
541 1612 589 1660 est.

117 1682 185 1737 Cer.
201 1682 246 1735 lM.
267 1680 365 1734 ductae
382 1680 514 1734 Maxentio
533 1696 610 1750 opes,
626 1679 864 1751 confirmatumque

62 1756 215 1826 imperium.
254 1754 366 1809 Severus
380 1752 485 1827 fugiens
501 1755 640 1808 Ravennae
654 1753 803 1808 interiectus
813 1762 862 1809 est.

63 1828 97 1914 [r.
109 1846 133 1884 c.
144 1849 169 1884 u.
181 1826 242 1902 eom]
262 1829 400 1883 Herculius
416 1836 503 1882 tamen
517 1828 711 1893 Maximianus,
726 1829 864 1900 posthaec

62 1922 91 1958 rn
100 1902 223 1958 concione
231 1904 361 1958 exercitus
371 1903 455 1958 tilium
462 1903 624 1958 Maxentium
635 1902 734 1957 nudare
743 1911 861 1968 conatus,

62 1977 217 2033 seditionem
230 1986 256 2032 et
272 1979 389 2032 convicia
404 1977 521 2032 militum
535 1976 605 2031 tulit.
644 1977 708 2032 Inde
721 1977 754 2031 ad
765 1977 864 2032 Gallias

62 2051 192 2124 protectus
202 2059 254 2116 est,
269 2051 329 2106 dolo
339 2052 494 2123 composito,
509 2060 637 2123 tanquam
647 2070 662 2106 a
672 2051 727 2106 filio
736 2060 803 2107 esset
818 2071 865 2106 ex-

62 2125 171 2198 pulsus,
196 2133 227 2181 ut
250 2126 420 2182 Constantino
443 2144 539 2200 genero
558 2127 722 2200 iungeretur3
752 2127 864 2181 moliens

62 2210 149 2256 tamen
160 2201 375 2267 Constantinum,
387 2209 486 2272 reperta
497 2205 639 2266 occasione,
653 2200 803 2264 interficere,
816 2201 863 2272 qui

63 2277 92 2331 in
99 2274 192 2330 Galliis
200 2283 226 2330 et
235 2276 352 2330 militum
361 2284 386 2330 et
396 2275 598 2347 provincialium
607 2275 707 2349 ingenti
716 2276 770 2330 iam
777 2274 865 2330 favore

62 2349 202 2423 regnabat,
221 2351 303 2405 caesis
321 2351 430 2405 Francis
448 2358 527 2421 utque
540 2348 709 2414 Alamannis,
729 2351 865 2421 captisque

62 2442 154 2480 eorum
174 2425 295 2497 regibus,
315 2441 383 2496 quos
396 2425 475 2479 etiam
489 2424 594 2489 bestiis,
614 2441 676 2479 cum
690 2424 863 2497 magnificum

63 2498 242 2570 spectaculum
256 2499 375 2553 muneris
385 2506 510 2570 parasset,
521 2498 624 2553 obiecit.
663 2499 773 2552 Detectis
782 2499 864 2570 igitur

65 2573 168 2628 insidiis
178 2591 224 2644 per
237 2573 361 2628 Faustam
372 2573 464 2637 filiam,
479 2590 548 2644 quae
557 2572 648 2626 dolum
660 2573 716 2627 viro
727 2574 865 2627 nuntiave-

64 2655 117 2711 rat,
133 2647 249 2720 profugit
261 2647 414 2712 Herculius,
427 2646 612 2718 Massiliaeque
625 2663 766 2717 oppressus
780 2647 821 2719 (ex
835 2664 864 2699 ea

63 2720 160 2775 etenim
175 2722 300 2793 navigare
318 2721 352 2776 ad
371 2721 457 2775 filium
477 2721 658 2793 praeparabat)
678 2738 774 2792 poenas
793 2721 865 2774 dedit

64 2795 210 2849 iustissimo
219 2796 305 2862 exitu;
328 2793 362 2870 [r.
372 2813 397 2850 c.
408 2814 433 2850 u.
446 2792 507 2868 tte]
527 2796 569 2850 vir
581 2794 615 2848 ad
624 2811 730 2848 omnem
741 2796 866 2866 asperita-

63 2877 116 2924 tem
126 2869 316 2940 saevitiamque
325 2868 472 2940 proclivus,
490 2868 603 2934 infidus,
621 2868 816 2934 incommodus,
828 2869 865 2923 ci·

65 2942 172 3000 vilitatis
182 2944 287 3017 penitus
296 2960 400 3015 expers.
