1906 3330
61 641 100 688 tor
110 631 304 696 moderaturus,
319 632 341 684 si
352 633 460 702 perlata
470 631 598 686 licuisset:
620 630 773 686 liberalibus
782 631 861 686 disci·

61 707 144 780 plinis
162 707 281 778 apprime
294 705 426 760 eruditus:
447 705 554 760 Graecis
568 706 679 769 doctior,
696 713 774 776 atque
786 706 859 770 adeo,

44 790 92 845 ,ut
101 781 193 835 Latina
204 780 315 834 eruditio
325 797 494 851 nequaquam
503 797 565 834 cum
575 780 672 835 Graeca
683 780 789 833 scientia
800 797 862 835 con-

62 855 176 912 veniret:
197 853 319 908 facundia
330 854 429 926 ingenti
439 863 464 908 et
473 863 588 925 promta,
599 855 740 908 memoriae
751 855 861 908 tenacis-

10 984 12 989 ,
62 930 158 984 cimaea
179 929 207 982 in
224 928 385 998 quibusdam
405 927 561 998 philosopho
578 929 697 999 propior:
719 931 747 982 in
764 929 861 983 amicos

10 1016 12 1065 ξ
62 1001 192 1066 liberalis,
203 1002 250 1056 sed
262 1002 353 1056 minus
362 1001 490 1075 diligens,
507 1019 589 1073 quam
600 1009 703 1056 tantum
714 1003 862 1074 principem

10 1096 12 1145 ξ
62 1077 164 1144 decuit;
184 1075 291 1130 fuerunt
299 1076 369 1130 enim
382 1075 567 1146 nonnulli,qui
578 1075 686 1129 vulnera
696 1076 794 1148 gloriae
804 1078 861 1131 eius

63 1151 199 1206 inferrent.
237 1152 267 1205 ln
281 1148 454 1220 provinciales
471 1149 646 1212 iustissimus,
657 1157 682 1203 et
692 1150 859 1214 tributorum,

63 1232 195 1298 metense
214 1224 270 1278 lieri
288 1231 388 1294 posset,
410 1240 557 1292 repressor:
583 1222 669 1277 civilis
690 1225 717 1277 in
739 1232 859 1278 cunctos:

63 1298 221 1353 mediocrem
230 1298 330 1351 habens
340 1297 431 1351 aerarii
440 1313 545 1352 curam:
565 1296 663 1369 gloriae
672 1296 767 1350 avidus
777 1314 807 1351 ac
817 1315 863 1368 per

63 1390 121 1427 eam
131 1372 214 1427 animi
224 1371 382 1442 plerumque
391 1370 541 1426 immodici:
556 1370 690 1442 religionis
700 1370 863 1426 Christianae

63 1446 210 1510 insectator,
224 1444 332 1515 perinde
342 1453 437 1509 tamem
450 1452 480 1499 ut
488 1462 580 1499 cruore
587 1447 736 1500 abstineret.
775 1446 863 1500 Marco

10 1582 12 1599 Ι
64 1519 196 1576 Antonino
205 1536 258 1573 non
267 1518 406 1584 absimilis,
417 1536 499 1590 quem
508 1519 585 1574 etiam
596 1520 722 1574 aemulari
730 1518 861 1574 studebat.

10 1604 12 1609 '
119 1594 187 1650 Car.
209 1593 292 1648 XVII.
312 1593 380 1666 (ΚΧ.)
398 1593 541 1648 Posthuno
559 1594 716 1656 lorrasos,
736 1598 783 1664 qui
799 1601 863 1648 tunc

10 1694 13 1699 ·
63 1666 222 1723 domesticus
241 1667 383 1732 militabat,
403 1666 437 1721 ad
455 1665 628 1721 obtinendum
642 1667 783 1737 imperium
800 1684 863 1720 con·

10 1752 13 1765 ¹
62 1759 144 1797 sensu
153 1741 283 1797 exercitus
292 1740 373 1796 lectus
383 1748 435 1796 est:
449 1741 674 1795 commendatione
682 1741 861 1811 pruisquam

63 1834 127 1882 sua,
141 1815 271 1871 militibus
284 1815 377 1871 notior.
416 1815 482 1880 Qui,
500 1816 552 1869 iam
563 1815 674 1869 turbatis
683 1815 776 1878 rebus,
788 1831 863 1868 exer·

10 1916 13 1955 3
63 1891 118 1946 citu
131 1907 240 1962 quoque
253 1890 341 1960 inopia
350 1889 495 1954 laborante,
511 1906 565 1944 uno
576 1907 590 1944 a
601 1890 686 1943 Persis
696 1895 775 1960 atque
784 1887 863 1943 altero

10 1966 13 2009 ῗ
62 1964 162 2036 proelio
170 1965 355 2035 victuspaoem
364 1981 425 2018 cum
436 1963 546 2035 Sapore,
559 1963 731 2018 necessariam
741 1961 860 2034 quidem,

63 2039 110 2093 sed
120 2037 263 2112 ignobilem
272 2038 344 2092 fecit:
366 2037 492 2093 multatus
503 2038 617 2102 finibus,
632 2055 663 2093 ec
672 2036 800 2092 nonnulla
811 2038 863 2090 irn-

63 2113 130 2185 perii
144 2112 255 2168 Romani
269 2120 342 2183 parte
352 2112 458 2176 tradita;
480 2112 552 2183 quod
562 2119 621 2166 ante
630 2129 691 2166 eum
702 2111 780 2166 annis
790 2111 863 2165 mille

63 2194 168 2241 centum
188 2194 213 2240 et
231 2186 336 2240 duobus
355 2186 388 2240 de
402 2186 496 2259 viginti
510 2186 576 2250 fere,
597 2203 631 2239 ex
645 2202 699 2257 quo
713 2187 862 2239 Romanum

10 2312 13 2325 ,
64 2262 205 2332 imperium
215 2260 349 2314 conditum
359 2267 422 2325 erat,
431 2278 569 2331 nunquam
579 2259 681 2314 aocidit.
702 2259 862 2324 Quinetiam

10 2346 14 2359 '
64 2334 179 2407 legiones
188 2343 290 2389 nostrae
301 2335 335 2387 ita
346 2342 370 2387 et
380 2333 450 2405 apud
458 2333 590 2389 Caudium
600 2351 646 2406 per
657 2334 778 2388 Pontium
790 2332 870 2393 Tele,

10 2428 13 2433 ·
63 2409 168 2474 sinum,
179 2415 205 2461 et
213 2409 241 2462 in
252 2409 376 2478 Hispania
387 2407 458 2478 apud
468 2408 652 2472 Numantiam,
664 2417 689 2462 et
698 2408 726 2461 in
737 2407 863 2461 Numidia

63 2483 224 2556 subiugum
241 2482 336 2536 missae
349 2490 425 2546 sunt,
441 2489 471 2535 ut
486 2480 552 2535 nihil
568 2489 654 2536 tamen
670 2481 765 2535 finium
779 2480 863 2535 trade-

64 2563 144 2611 retur.
182 2557 220 2610 Ea
239 2556 311 2626 pacis
330 2555 444 2610 conditio
463 2573 516 2610 non
530 2556 634 2626 penitus
650 2555 863 2627 reprehendenda

64 2629 143 2694 foret,
153 2631 176 2684 ei
185 2629 295 2684 foederis
305 2630 496 2693 necessitatem,
511 2645 572 2683 oum
582 2630 715 2701 integrum
725 2628 789 2693 fuit,
803 2646 865 2682 mu-

64 2711 119 2758 tare
128 2703 261 2768 voluisset,
268 2705 359 2758 siouta
370 2703 503 2767 Romanis,
514 2703 639 2757 omnibus
649 2702 692 2756 his
702 2702 788 2765 bellis,
796 2720 864 2774 quae

63 2779 280 2843 commemoravi,
302 2778 400 2832 factum
422 2783 470 2831 est.
509 2778 577 2831 Nam
597 2784 622 2830 et
640 2776 819 2841 SamnitibuS,
839 2785 864 2830 et

63 2852 246 2916 Numantinis,
268 2861 293 2906 et
311 2851 435 2906 Numidis
456 2849 591 2905 confestim
611 2849 679 2905 bella
699 2849 769 2904 illata
789 2858 860 2912 sunt,

63 2943 150 2998 neque
162 2944 215 2998 pax
229 2932 283 2980 rata
296 2925 355 2980 fuit.
395 2925 447 2980 Sed
456 2924 520 2979 dum
531 2924 665 2980 aemulum
676 2925 780 2995 imperii
791 2942 863 2978 vere-

63 3009 121 3067 tur,
137 3000 205 3054 intra
218 3000 343 3055 orientem
357 2999 489 3068 residens,
504 2999 602 3074 gloriae
615 3017 710 3072 parum
720 2997 862 3053 consuluit.

377 533 493 578 LIBER
515 533 549 576 X.
828 529 860 581 93
