<?xml version="1.0" encoding="UTF-8"?>
<!DOCTYPE html PUBLIC "-//W3C//DTD XHTML 1.0 Transitional//EN"
    "http://www.w3.org/TR/xhtml1/DTD/xhtml1-transitional.dtd">
<html xmlns="http://www.w3.org/1999/xhtml" xml:lang="en" lang="en">
 <head>
  <title>
</title>
<meta http-equiv="Content-Type" content="text/html;charset=utf-8" />
  <meta name='ocr-system' content='tesseract 3.04.00' />
  <meta name='ocr-capabilities' content='ocr_page ocr_carea ocr_par ocr_line ocrx_word'/>
</head>
<body>
  <div class='ocr_page' id='page_1' title='image "./eutropiibreviar01eutrgoog_0024.png"; bbox 0 0 1906 3330; ppageno 0'>
   <div class='ocr_carea' id='block_1_1' title="bbox 10 39 196 473">
    <p class='ocr_par' dir='ltr' id='par_1_1' title="bbox 10 39 196 543">
     <span class='ocr_line' id='line_1_1' title="bbox 10 39 196 473; baseline -0.011 -124"><span class='ocrx_word' id='word_1_1' title='bbox 10 39 196 473; x_wconf 63' lang='grc' dir='ltr'><strong>μ</strong></span> 
     </span>
    </p>
   </div>
   <div class='ocr_carea' id='block_1_2' title="bbox 365 526 846 578">
    <p class='ocr_par' dir='ltr' id='par_1_2' title="bbox 365 526 846 578">
     <span class='ocr_line' id='line_1_2' title="bbox 365 526 846 578; baseline 0.002 -1"><span class='ocrx_word' id='word_1_2' title='bbox 365 532 480 578; x_wconf 89' lang='lat' dir='ltr'>LIBER</span> <span class='ocrx_word' id='word_1_3' title='bbox 500 532 534 578; x_wconf 86' lang='lat'><strong>11.</strong></span> <span class='ocrx_word' id='word_1_4' title='bbox 815 526 846 578; x_wconf 86' lang='lat' dir='ltr'><strong>l5</strong></span> 
     </span>
    </p>
   </div>
   <div class='ocr_carea' id='block_1_3' title="bbox 10 596 845 706">
    <p class='ocr_par' dir='ltr' id='par_1_3' title="bbox 10 596 845 706">
     <span class='ocr_line' id='line_1_3' title="bbox 10 596 845 706; baseline -0.01 -14"><span class='ocrx_word' id='word_1_5' title='bbox 10 596 15 609; x_wconf 38' lang='grc' dir='ltr'>Ι</span> <span class='ocrx_word' id='word_1_6' title='bbox 51 633 126 691; x_wconf 88' lang='lat' dir='ltr'><strong>tibus</strong></span> <span class='ocrx_word' id='word_1_7' title='bbox 143 631 225 688; x_wconf 87' lang='lat' dir='ltr'><strong>Coss.</strong></span> <span class='ocrx_word' id='word_1_8' title='bbox 239 631 270 686; x_wconf 90' lang='lat' dir='ltr'><strong>P.</strong></span> <span class='ocrx_word' id='word_1_9' title='bbox 285 630 450 703; x_wconf 86' lang='lat' dir='ltr'><strong>Sempronio,</strong></span> <span class='ocrx_word' id='word_1_10' title='bbox 466 630 552 703; x_wconf 81' lang='lat' dir='ltr'><strong>Appio</strong></span> <span class='ocrx_word' id='word_1_11' title='bbox 561 630 683 696; x_wconf 88' lang='lat' dir='ltr'><strong>Claudio,</strong></span> <span class='ocrx_word' id='word_1_12' title='bbox 701 627 736 705; x_wconf 81' lang='lat' dir='ltr'><strong>[s.</strong></span> <span class='ocrx_word' id='word_1_13' title='bbox 746 650 773 686; x_wconf 88' lang='lat' dir='ltr'><strong>n.</strong></span> <span class='ocrx_word' id='word_1_14' title='bbox 784 629 845 706; x_wconf 73' lang='grc'>484]</span> 
     </span>
    </p>
   </div>
   <div class='ocr_carea' id='block_1_4' title="bbox 52 705 853 3095">
    <p class='ocr_par' dir='ltr' id='par_1_4' title="bbox 52 705 847 913">
     <span class='ocr_line' id='line_1_4' title="bbox 52 705 847 778; baseline -0.004 -15"><span class='ocrx_word' id='word_1_15' title='bbox 52 707 117 763; x_wconf 80' lang='lat' dir='ltr'><strong>vinti</strong></span> <span class='ocrx_word' id='word_1_16' title='bbox 137 714 212 772; x_wconf 79' lang='lat' dir='ltr'><strong>sunt3</strong></span> <span class='ocrx_word' id='word_1_17' title='bbox 233 713 258 760; x_wconf 87' lang='lat' dir='ltr'><strong>et</strong></span> <span class='ocrx_word' id='word_1_18' title='bbox 277 705 310 761; x_wconf 88' lang='lat' dir='ltr'><strong>do</strong></span> <span class='ocrx_word' id='word_1_19' title='bbox 330 706 373 759; x_wconf 90' lang='lat' dir='ltr'><strong>his</strong></span> <span class='ocrx_word' id='word_1_20' title='bbox 390 707 581 778; x_wconf 88' lang='lat' dir='ltr'><strong>triumphatum</strong></span> <span class='ocrx_word' id='word_1_21' title='bbox 599 714 647 760; x_wconf 87' lang='lat' dir='ltr'><strong>est.</strong></span> <span class='ocrx_word' id='word_1_22' title='bbox 687 705 810 760; x_wconf 87' lang='lat' dir='ltr'><strong>Conditae</strong></span> <span class='ocrx_word' id='word_1_23' title='bbox 832 724 847 760; x_wconf 85' lang='lat' dir='ltr'><strong>a</strong></span> 
     </span>
     <span class='ocr_line' id='line_1_5' title="bbox 52 780 847 846; baseline -0.004 -9"><span class='ocrx_word' id='word_1_24' title='bbox 52 781 179 837; x_wconf 82' lang='lat' dir='ltr'><strong>Romanis</strong></span> <span class='ocrx_word' id='word_1_25' title='bbox 187 780 317 846; x_wconf 85' lang='lat' dir='ltr'><strong>civitates,</strong></span> <span class='ocrx_word' id='word_1_26' title='bbox 328 780 479 837; x_wconf 80' lang='lat' dir='ltr'><strong>Ariminum</strong></span> <span class='ocrx_word' id='word_1_27' title='bbox 489 781 517 836; x_wconf 92' lang='lat' dir='ltr'><strong>in</strong></span> <span class='ocrx_word' id='word_1_28' title='bbox 527 781 625 846; x_wconf 86' lang='lat' dir='ltr'><strong>Gallia,</strong></span> <span class='ocrx_word' id='word_1_29' title='bbox 637 789 662 835; x_wconf 90' lang='lat' dir='ltr'><strong>et</strong></span> <span class='ocrx_word' id='word_1_30' title='bbox 670 782 847 836; x_wconf 88' lang='lat' dir='ltr'><strong>Beneventum</strong></span> 
     </span>
     <span class='ocr_line' id='line_1_6' title="bbox 53 854 396 913; baseline -0.009 0"><span class='ocrx_word' id='word_1_31' title='bbox 53 854 209 913; x_wconf 83' lang='lat' dir='ltr'><strong>inSamnio.</strong></span> <span class='ocrx_word' id='word_1_32' title='bbox 393 880 396 887; x_wconf 55' lang='lat'><strong>⁴</strong></span> 
     </span>
    </p>

    <p class='ocr_par' dir='ltr' id='par_1_5' title="bbox 54 929 848 1227">
     <span class='ocr_line' id='line_1_7' title="bbox 108 929 848 1002; baseline -0.004 -16"><span class='ocrx_word' id='word_1_33' title='bbox 108 930 178 986; x_wconf 70' lang='lat' dir='ltr'><strong>Cur.</strong></span> <span class='ocrx_word' id='word_1_34' title='bbox 203 929 286 986; x_wconf 88' lang='lat' dir='ltr'>XVII.</span> <span class='ocrx_word' id='word_1_35' title='bbox 309 929 346 983; x_wconf 84' lang='grc' dir='ltr'><strong>Μ.</strong></span> <span class='ocrx_word' id='word_1_36' title='bbox 371 929 449 985; x_wconf 81' lang='lat' dir='ltr'><strong>Atilio</strong></span> <span class='ocrx_word' id='word_1_37' title='bbox 472 930 585 1002; x_wconf 84' lang='lat' dir='ltr'><strong>Regulo,</strong></span> <span class='ocrx_word' id='word_1_38' title='bbox 611 931 643 984; x_wconf 89' lang='lat' dir='ltr'><strong>L.</strong></span> <span class='ocrx_word' id='word_1_39' title='bbox 663 929 730 984; x_wconf 90' lang='lat' dir='ltr'><strong>Iulio</strong></span> <span class='ocrx_word' id='word_1_40' title='bbox 748 929 848 984; x_wconf 86' lang='lat' dir='ltr'><strong>Libone</strong></span> 
     </span>
     <span class='ocr_line' id='line_1_8' title="bbox 54 999 847 1079; baseline -0.008 -16"><span class='ocrx_word' id='word_1_41' title='bbox 54 1005 140 1063; x_wconf 86' lang='lat' dir='ltr'><strong>Coss.</strong></span> <span class='ocrx_word' id='word_1_42' title='bbox 151 1002 187 1079; x_wconf 78' lang='grc' dir='ltr'><strong>[Δ.</strong></span> <span class='ocrx_word' id='word_1_43' title='bbox 197 1023 223 1060; x_wconf 86' lang='lat' dir='ltr'><strong>u.</strong></span> <span class='ocrx_word' id='word_1_44' title='bbox 235 999 295 1076; x_wconf 62' lang='lat' dir='ltr'><strong>its]</strong></span> <span class='ocrx_word' id='word_1_45' title='bbox 306 1003 456 1059; x_wconf 81' lang='lat' dir='ltr'><strong>Sallentinis</strong></span> <span class='ocrx_word' id='word_1_46' title='bbox 466 1005 493 1059; x_wconf 91' lang='lat' dir='ltr'><strong>in</strong></span> <span class='ocrx_word' id='word_1_47' title='bbox 504 1003 599 1075; x_wconf 77' lang='lat' dir='ltr'><strong>Apulia</strong></span> <span class='ocrx_word' id='word_1_48' title='bbox 609 1003 708 1058; x_wconf 85' lang='lat' dir='ltr'><strong>bellurn</strong></span> <span class='ocrx_word' id='word_1_49' title='bbox 719 1004 847 1058; x_wconf 90' lang='lat' dir='ltr'><strong>indictum</strong></span> 
     </span>
     <span class='ocr_line' id='line_1_9' title="bbox 54 1078 847 1150; baseline -0.003 -15"><span class='ocrx_word' id='word_1_50' title='bbox 54 1087 105 1145; x_wconf 76' lang='lat' dir='ltr'><strong>est,</strong></span> <span class='ocrx_word' id='word_1_51' title='bbox 121 1078 382 1150; x_wconf 87' lang='lat' dir='ltr'><strong>captiquesuntcum</strong></span> <span class='ocrx_word' id='word_1_52' title='bbox 395 1080 497 1134; x_wconf 78' lang='lat' dir='ltr'><strong>ciritatc</strong></span> <span class='ocrx_word' id='word_1_53' title='bbox 509 1078 588 1133; x_wconf 91' lang='lat' dir='ltr'><strong>simul</strong></span> <span class='ocrx_word' id='word_1_54' title='bbox 598 1079 764 1144; x_wconf 84' lang='lat' dir='ltr'><strong>Brundisini,</strong></span> <span class='ocrx_word' id='word_1_55' title='bbox 781 1079 847 1133; x_wconf 88' lang='lat' dir='ltr'><strong>etde</strong></span> 
     </span>
     <span class='ocr_line' id='line_1_10' title="bbox 54 1151 512 1227; baseline -0.011 -16"><span class='ocrx_word' id='word_1_56' title='bbox 54 1155 98 1211; x_wconf 86' lang='lat' dir='ltr'><strong>his</strong></span> <span class='ocrx_word' id='word_1_57' title='bbox 107 1153 299 1224; x_wconf 88' lang='lat' dir='ltr'><strong>triumphatum</strong></span> <span class='ocrx_word' id='word_1_58' title='bbox 306 1160 354 1206; x_wconf 88' lang='lat' dir='ltr'><strong>est.</strong></span> <span class='ocrx_word' id='word_1_59' title='bbox 367 1151 402 1227; x_wconf 80' lang='lat' dir='ltr'><strong>[n.</strong></span> <span class='ocrx_word' id='word_1_60' title='bbox 413 1172 439 1208; x_wconf 88' lang='lat' dir='ltr'><strong>u.</strong></span> <span class='ocrx_word' id='word_1_61' title='bbox 450 1151 512 1226; x_wconf 74' lang='lat' dir='ltr'><strong>tac]</strong></span> 
     </span>
    </p>

    <p class='ocr_par' dir='ltr' id='par_1_6' title="bbox 54 1226 849 1970">
     <span class='ocr_line' id='line_1_11' title="bbox 109 1226 848 1300; baseline -0.004 -16"><span class='ocrx_word' id='word_1_62' title='bbox 109 1227 179 1285; x_wconf 75' lang='lat' dir='ltr'><strong>Car.</strong></span> <span class='ocrx_word' id='word_1_63' title='bbox 197 1227 291 1283; x_wconf 84' lang='lat' dir='ltr'>XVIII.</span> <span class='ocrx_word' id='word_1_64' title='bbox 307 1226 362 1300; x_wconf 89' lang='grc' dir='ltr'>(Χ.)</span> <span class='ocrx_word' id='word_1_65' title='bbox 380 1228 457 1282; x_wconf 82' lang='lat' dir='ltr'><strong>Anno</strong></span> <span class='ocrx_word' id='word_1_66' title='bbox 467 1228 711 1284; x_wconf 82' lang='lat' dir='ltr'>CCCCLXXXVIII</span> <span class='ocrx_word' id='word_1_67' title='bbox 724 1245 784 1281; x_wconf 89' lang='lat' dir='ltr'><strong>cum</strong></span> <span class='ocrx_word' id='word_1_68' title='bbox 795 1228 848 1281; x_wconf 86' lang='lat' dir='ltr'><strong>iam</strong></span> 
     </span>
     <span class='ocr_line' id='line_1_12' title="bbox 56 1301 847 1367; baseline -0.004 -8"><span class='ocrx_word' id='word_1_69' title='bbox 56 1302 157 1359; x_wconf 77' lang='lat' dir='ltr'><strong>clerum</strong></span> <span class='ocrx_word' id='word_1_70' title='bbox 176 1301 250 1357; x_wconf 87' lang='lat' dir='ltr'><strong>urbis</strong></span> <span class='ocrx_word' id='word_1_71' title='bbox 266 1302 363 1356; x_wconf 86' lang='lat' dir='ltr'><strong>Romae</strong></span> <span class='ocrx_word' id='word_1_72' title='bbox 381 1320 475 1358; x_wconf 89' lang='lat' dir='ltr'><strong>nomen</strong></span> <span class='ocrx_word' id='word_1_73' title='bbox 494 1311 573 1367; x_wconf 89' lang='lat' dir='ltr'><strong>esset,</strong></span> <span class='ocrx_word' id='word_1_74' title='bbox 589 1321 660 1357; x_wconf 87' lang='lat' dir='ltr'><strong>arma</strong></span> <span class='ocrx_word' id='word_1_75' title='bbox 675 1312 762 1357; x_wconf 88' lang='lat' dir='ltr'><strong>tamen</strong></span> <span class='ocrx_word' id='word_1_76' title='bbox 776 1310 847 1356; x_wconf 83' lang='lat' dir='ltr'><strong>extro</strong></span> 
     </span>
     <span class='ocr_line' id='line_1_13' title="bbox 57 1376 849 1451; baseline -0.005 -16"><span class='ocrx_word' id='word_1_77' title='bbox 57 1377 156 1435; x_wconf 75' lang='lat' dir='ltr'><strong>lutiam</strong></span> <span class='ocrx_word' id='word_1_78' title='bbox 165 1384 234 1432; x_wconf 90' lang='lat' dir='ltr'><strong>mota</strong></span> <span class='ocrx_word' id='word_1_79' title='bbox 242 1392 294 1431; x_wconf 90' lang='lat' dir='ltr'><strong>non</strong></span> <span class='ocrx_word' id='word_1_80' title='bbox 304 1376 415 1432; x_wconf 84' lang='lat' dir='ltr'><strong>lucrant.</strong></span> <span class='ocrx_word' id='word_1_81' title='bbox 437 1379 468 1432; x_wconf 92' lang='lat' dir='ltr'><strong>Ut</strong></span> <span class='ocrx_word' id='word_1_82' title='bbox 477 1378 558 1451; x_wconf 85' lang='lat' dir='ltr'><strong>igitur</strong></span> <span class='ocrx_word' id='word_1_83' title='bbox 566 1387 770 1450; x_wconf 80' lang='lat' dir='ltr'><strong>cognosceretur,</strong></span> <span class='ocrx_word' id='word_1_84' title='bbox 781 1394 849 1448; x_wconf 87' lang='lat' dir='ltr'><strong>quae</strong></span> 
     </span>
     <span class='ocr_line' id='line_1_14' title="bbox 57 1453 848 1525; baseline -0.001 -18"><span class='ocrx_word' id='word_1_85' title='bbox 57 1453 143 1525; x_wconf 85' lang='lat' dir='ltr'><strong>copiae</strong></span> <span class='ocrx_word' id='word_1_86' title='bbox 152 1453 328 1506; x_wconf 85' lang='lat' dir='ltr'><strong>Romanorum</strong></span> <span class='ocrx_word' id='word_1_87' title='bbox 338 1460 437 1517; x_wconf 82' lang='lat' dir='ltr'><strong>essent,</strong></span> <span class='ocrx_word' id='word_1_88' title='bbox 450 1470 544 1507; x_wconf 89' lang='lat' dir='ltr'><strong>census</strong></span> <span class='ocrx_word' id='word_1_89' title='bbox 554 1461 593 1508; x_wconf 92' lang='lat' dir='ltr'><strong>est</strong></span> <span class='ocrx_word' id='word_1_90' title='bbox 601 1453 720 1519; x_wconf 78' lang='lat' dir='ltr'><strong>habitus3</strong></span> <span class='ocrx_word' id='word_1_91' title='bbox 742 1454 848 1506; x_wconf 89' lang='lat' dir='ltr'><strong>inventa</strong></span> 
     </span>
     <span class='ocr_line' id='line_1_15' title="bbox 54 1525 848 1599; baseline -0.003 -16"><span class='ocrx_word' id='word_1_92' title='bbox 54 1536 118 1583; x_wconf 82' lang='lat' dir='ltr'><strong>sunt</strong></span> <span class='ocrx_word' id='word_1_93' title='bbox 128 1526 229 1582; x_wconf 90' lang='lat' dir='ltr'><strong>civium</strong></span> <span class='ocrx_word' id='word_1_94' title='bbox 237 1525 321 1597; x_wconf 86' lang='lat' dir='ltr'><strong>capita</strong></span> <span class='ocrx_word' id='word_1_95' title='bbox 331 1526 444 1583; x_wconf 83' lang='lat' dir='ltr'>CCXCII</span> <span class='ocrx_word' id='word_1_96' title='bbox 456 1527 540 1582; x_wconf 89' lang='lat' dir='ltr'><strong>millia</strong></span> <span class='ocrx_word' id='word_1_97' title='bbox 550 1527 740 1595; x_wconf 78' lang='lat' dir='ltr'>CCCXXXIV3</span> <span class='ocrx_word' id='word_1_98' title='bbox 762 1545 848 1599; x_wconf 92' lang='lat' dir='ltr'><strong>quan-</strong></span> 
     </span>
     <span class='ocr_line' id='line_1_16' title="bbox 56 1601 848 1675; baseline -0.003 -18"><span class='ocrx_word' id='word_1_99' title='bbox 56 1619 137 1675; x_wconf 85' lang='lat' dir='ltr'><strong>quam</strong></span> <span class='ocrx_word' id='word_1_100' title='bbox 157 1619 172 1656; x_wconf 87' lang='lat' dir='ltr'><strong>a</strong></span> <span class='ocrx_word' id='word_1_101' title='bbox 192 1601 293 1656; x_wconf 86' lang='lat' dir='ltr'><strong>condita</strong></span> <span class='ocrx_word' id='word_1_102' title='bbox 308 1601 374 1656; x_wconf 84' lang='lat' dir='ltr'><strong>urbe</strong></span> <span class='ocrx_word' id='word_1_103' title='bbox 390 1620 529 1673; x_wconf 91' lang='lat' dir='ltr'><strong>nunqnam</strong></span> <span class='ocrx_word' id='word_1_104' title='bbox 542 1601 610 1657; x_wconf 88' lang='lat' dir='ltr'><strong>bella</strong></span> <span class='ocrx_word' id='word_1_105' title='bbox 625 1610 776 1656; x_wconf 77' lang='lat' dir='ltr'><strong>cessassent.</strong></span> <span class='ocrx_word' id='word_1_106' title='bbox 815 1603 848 1655; x_wconf 90' lang='lat' dir='ltr'><strong>Et</strong></span> 
     </span>
     <span class='ocr_line' id='line_1_17' title="bbox 56 1674 848 1747; baseline -0.005 -14"><span class='ocrx_word' id='word_1_107' title='bbox 56 1684 145 1733; x_wconf 76' lang='lat' dir='ltr'><strong>matra</strong></span> <span class='ocrx_word' id='word_1_108' title='bbox 167 1674 242 1730; x_wconf 77' lang='lat' dir='ltr'><strong>diros</strong></span> <span class='ocrx_word' id='word_1_109' title='bbox 264 1674 365 1730; x_wconf 90' lang='lat' dir='ltr'><strong>bellum</strong></span> <span class='ocrx_word' id='word_1_110' title='bbox 382 1684 532 1747; x_wconf 88' lang='lat' dir='ltr'><strong>susceptum</strong></span> <span class='ocrx_word' id='word_1_111' title='bbox 551 1685 590 1730; x_wconf 86' lang='lat' dir='ltr'><strong>est</strong></span> <span class='ocrx_word' id='word_1_112' title='bbox 607 1677 737 1746; x_wconf 89' lang='lat' dir='ltr'><strong>primum,</strong></span> <span class='ocrx_word' id='word_1_113' title='bbox 763 1676 848 1746; x_wconf 74' lang='lat' dir='ltr'><strong>Appio</strong></span> 
     </span>
     <span class='ocr_line' id='line_1_18' title="bbox 55 1748 849 1821; baseline -0.008 -12"><span class='ocrx_word' id='word_1_114' title='bbox 55 1750 175 1815; x_wconf 84' lang='lat' dir='ltr'><strong>Claudio,</strong></span> <span class='ocrx_word' id='word_1_115' title='bbox 187 1748 219 1816; x_wconf 84' lang='grc' dir='ltr'><strong>Ο.</strong></span> <span class='ocrx_word' id='word_1_116' title='bbox 230 1749 324 1805; x_wconf 86' lang='lat' dir='ltr'><strong>Fulvio</strong></span> <span class='ocrx_word' id='word_1_117' title='bbox 333 1750 416 1806; x_wconf 84' lang='lat' dir='ltr'><strong>Coss.</strong></span> <span class='ocrx_word' id='word_1_118' title='bbox 454 1753 485 1806; x_wconf 90' lang='lat' dir='ltr'><strong>ln</strong></span> <span class='ocrx_word' id='word_1_119' title='bbox 493 1750 581 1806; x_wconf 84' lang='lat' dir='ltr'><strong>Sicilia</strong></span> <span class='ocrx_word' id='word_1_120' title='bbox 590 1759 678 1805; x_wconf 89' lang='lat' dir='ltr'><strong>contra</strong></span> <span class='ocrx_word' id='word_1_121' title='bbox 692 1768 735 1804; x_wconf 90' lang='lat' dir='ltr'><strong>eos</strong></span> <span class='ocrx_word' id='word_1_122' title='bbox 745 1768 849 1821; x_wconf 82' lang='lat' dir='ltr'><strong>pugna-</strong></span> 
     </span>
     <span class='ocr_line' id='line_1_19' title="bbox 55 1823 849 1898; baseline -0.009 -15"><span class='ocrx_word' id='word_1_123' title='bbox 55 1834 113 1883; x_wconf 84' lang='lat' dir='ltr'><strong>tum</strong></span> <span class='ocrx_word' id='word_1_124' title='bbox 131 1833 182 1890; x_wconf 78' lang='lat' dir='ltr'><strong>cst,</strong></span> <span class='ocrx_word' id='word_1_125' title='bbox 204 1831 228 1879; x_wconf 86' lang='lat' dir='ltr'><strong>et</strong></span> <span class='ocrx_word' id='word_1_126' title='bbox 240 1823 341 1897; x_wconf 76' lang='lat' dir='ltr'><strong>Appius</strong></span> <span class='ocrx_word' id='word_1_127' title='bbox 354 1824 482 1882; x_wconf 83' lang='lat' dir='ltr'><strong>Claudius</strong></span> <span class='ocrx_word' id='word_1_128' title='bbox 500 1826 533 1881; x_wconf 87' lang='lat' dir='ltr'><strong>dc</strong></span> <span class='ocrx_word' id='word_1_129' title='bbox 547 1824 617 1880; x_wconf 77' lang='lat' dir='ltr'><strong>diris</strong></span> <span class='ocrx_word' id='word_1_130' title='bbox 635 1834 660 1880; x_wconf 88' lang='lat' dir='ltr'><strong>et</strong></span> <span class='ocrx_word' id='word_1_131' title='bbox 674 1842 733 1898; x_wconf 82' lang='lat' dir='ltr'><strong>rege</strong></span> <span class='ocrx_word' id='word_1_132' title='bbox 746 1824 849 1878; x_wconf 84' lang='lat' dir='ltr'><strong>Siciliae</strong></span> 
     </span>
     <span class='ocr_line' id='line_1_20' title="bbox 56 1899 356 1970; baseline -0.017 -11"><span class='ocrx_word' id='word_1_133' title='bbox 56 1901 167 1959; x_wconf 83' lang='lat' dir='ltr'><strong>Hierone</strong></span> <span class='ocrx_word' id='word_1_134' title='bbox 176 1899 356 1970; x_wconf 89' lang='lat' dir='ltr'><strong>triumphavit.</strong></span> 
     </span>
    </p>

    <p class='ocr_par' dir='ltr' id='par_1_7' title="bbox 56 1971 849 2647">
     <span class='ocr_line' id='line_1_21' title="bbox 109 1971 848 2050; baseline -0.004 -20"><span class='ocrx_word' id='word_1_135' title='bbox 109 1974 179 2030; x_wconf 72' lang='lat' dir='ltr'><strong>Cir.</strong></span> <span class='ocrx_word' id='word_1_136' title='bbox 200 1974 275 2029; x_wconf 88' lang='lat' dir='ltr'>XIX.</span> <span class='ocrx_word' id='word_1_137' title='bbox 296 1975 446 2047; x_wconf 79' lang='lat' dir='ltr'><strong>Insequenti</strong></span> <span class='ocrx_word' id='word_1_138' title='bbox 464 1993 547 2041; x_wconf 89' lang='lat' dir='ltr'><strong>anno,</strong></span> <span class='ocrx_word' id='word_1_139' title='bbox 566 1973 607 2050; x_wconf 77' lang='lat' dir='ltr'><strong>[n.</strong></span> <span class='ocrx_word' id='word_1_140' title='bbox 623 1994 648 2030; x_wconf 88' lang='lat' dir='ltr'><strong>n.</strong></span> <span class='ocrx_word' id='word_1_141' title='bbox 666 1971 731 2048; x_wconf 71' lang='lat' dir='ltr'><strong>ist]</strong></span> <span class='ocrx_word' id='word_1_142' title='bbox 746 1972 848 2029; x_wconf 87' lang='lat' dir='ltr'><strong>Valerio</strong></span> 
     </span>
     <span class='ocr_line' id='line_1_22' title="bbox 56 2047 848 2107; baseline -0.006 0"><span class='ocrx_word' id='word_1_143' title='bbox 56 2049 173 2107; x_wconf 73' lang='lat' dir='ltr'><strong>Maximo</strong></span> <span class='ocrx_word' id='word_1_144' title='bbox 186 2056 212 2103; x_wconf 88' lang='lat' dir='ltr'><strong>et</strong></span> <span class='ocrx_word' id='word_1_145' title='bbox 223 2049 267 2104; x_wconf 76' lang='lat' dir='ltr'><strong>lt.</strong></span> <span class='ocrx_word' id='word_1_146' title='bbox 283 2047 391 2105; x_wconf 84' lang='lat' dir='ltr'><strong>Otacili0</strong></span> <span class='ocrx_word' id='word_1_147' title='bbox 409 2050 492 2106; x_wconf 85' lang='lat' dir='ltr'><strong>Coss.</strong></span> <span class='ocrx_word' id='word_1_148' title='bbox 507 2051 534 2105; x_wconf 94' lang='lat' dir='ltr'><strong>in</strong></span> <span class='ocrx_word' id='word_1_149' title='bbox 550 2050 637 2105; x_wconf 88' lang='lat' dir='ltr'><strong>Sicilia</strong></span> <span class='ocrx_word' id='word_1_150' title='bbox 648 2067 661 2104; x_wconf 90' lang='lat' dir='ltr'><strong>a</strong></span> <span class='ocrx_word' id='word_1_151' title='bbox 672 2050 797 2104; x_wconf 84' lang='lat' dir='ltr'><strong>Romanis</strong></span> <span class='ocrx_word' id='word_1_152' title='bbox 807 2067 848 2103; x_wconf 89' lang='lat' dir='ltr'><strong>res</strong></span> 
     </span>
     <span class='ocr_line' id='line_1_23' title="bbox 56 2124 849 2198; baseline 0.001 -22"><span class='ocrx_word' id='word_1_153' title='bbox 56 2140 168 2198; x_wconf 70' lang='lat' dir='ltr'><strong>magnae</strong></span> <span class='ocrx_word' id='word_1_154' title='bbox 186 2131 272 2197; x_wconf 78' lang='lat' dir='ltr'><strong>gestae</strong></span> <span class='ocrx_word' id='word_1_155' title='bbox 293 2131 364 2179; x_wconf 89' lang='lat' dir='ltr'><strong>sunt.</strong></span> <span class='ocrx_word' id='word_1_156' title='bbox 404 2125 627 2190; x_wconf 81' lang='lat' dir='ltr'><strong>Tauromenitani,</strong></span> <span class='ocrx_word' id='word_1_157' title='bbox 652 2124 802 2179; x_wconf 72' lang='lat' dir='ltr'><strong>catinenses</strong></span> <span class='ocrx_word' id='word_1_158' title='bbox 824 2132 849 2177; x_wconf 83' lang='lat' dir='ltr'><strong>et</strong></span> 
     </span>
     <span class='ocr_line' id='line_1_24' title="bbox 56 2198 847 2272; baseline -0.003 -19"><span class='ocrx_word' id='word_1_159' title='bbox 56 2206 187 2270; x_wconf 68' lang='lat' dir='ltr'><strong>maeterea</strong></span> <span class='ocrx_word' id='word_1_160' title='bbox 195 2198 387 2272; x_wconf 77' lang='lat' dir='ltr'><strong>quinqusgInta</strong></span> <span class='ocrx_word' id='word_1_161' title='bbox 396 2200 512 2255; x_wconf 77' lang='lat' dir='ltr'><strong>ciuitates</strong></span> <span class='ocrx_word' id='word_1_162' title='bbox 523 2201 550 2255; x_wconf 91' lang='lat' dir='ltr'><strong>in</strong></span> <span class='ocrx_word' id='word_1_163' title='bbox 561 2200 639 2255; x_wconf 88' lang='lat' dir='ltr'><strong>fidem</strong></span> <span class='ocrx_word' id='word_1_164' title='bbox 650 2207 766 2270; x_wconf 82' lang='lat' dir='ltr'><strong>acceptae</strong></span> <span class='ocrx_word' id='word_1_165' title='bbox 776 2207 847 2252; x_wconf 88' lang='lat' dir='ltr'><strong>sunt.</strong></span> 
     </span>
     <span class='ocr_line' id='line_1_25' title="bbox 57 2273 848 2344; baseline -0.004 -15"><span class='ocrx_word' id='word_1_166' title='bbox 57 2273 142 2329; x_wconf 86' lang='lat' dir='ltr'><strong>Tertio</strong></span> <span class='ocrx_word' id='word_1_167' title='bbox 151 2290 220 2329; x_wconf 83' lang='lat' dir='ltr'><strong>anno</strong></span> <span class='ocrx_word' id='word_1_168' title='bbox 229 2273 256 2327; x_wconf 89' lang='lat' dir='ltr'><strong>in</strong></span> <span class='ocrx_word' id='word_1_169' title='bbox 266 2273 353 2328; x_wconf 88' lang='lat' dir='ltr'><strong>Sicilia</strong></span> <span class='ocrx_word' id='word_1_170' title='bbox 362 2283 449 2329; x_wconf 90' lang='lat' dir='ltr'><strong>contra</strong></span> <span class='ocrx_word' id='word_1_171' title='bbox 462 2275 599 2329; x_wconf 80' lang='lat' dir='ltr'><strong>Hieronem</strong></span> <span class='ocrx_word' id='word_1_172' title='bbox 609 2273 708 2329; x_wconf 88' lang='lat' dir='ltr'><strong>bellum</strong></span> <span class='ocrx_word' id='word_1_173' title='bbox 718 2281 848 2344; x_wconf 84' lang='lat' dir='ltr'><strong>patratum</strong></span> 
     </span>
     <span class='ocr_line' id='line_1_26' title="bbox 57 2348 848 2423; baseline -0.001 -20"><span class='ocrx_word' id='word_1_174' title='bbox 57 2357 105 2403; x_wconf 76' lang='lat' dir='ltr'><strong>est.</strong></span> <span class='ocrx_word' id='word_1_175' title='bbox 144 2349 244 2403; x_wconf 75' lang='lat' dir='ltr'><strong>lecum</strong></span> <span class='ocrx_word' id='word_1_176' title='bbox 257 2348 330 2403; x_wconf 86' lang='lat' dir='ltr'><strong>omni</strong></span> <span class='ocrx_word' id='word_1_177' title='bbox 344 2348 477 2404; x_wconf 88' lang='lat' dir='ltr'><strong>nobilitate</strong></span> <span class='ocrx_word' id='word_1_178' title='bbox 490 2349 714 2423; x_wconf 84' lang='lat' dir='ltr'><strong>Syracusanorum</strong></span> <span class='ocrx_word' id='word_1_179' title='bbox 730 2366 820 2420; x_wconf 89' lang='lat' dir='ltr'><strong>pacem</strong></span> <span class='ocrx_word' id='word_1_180' title='bbox 834 2366 848 2402; x_wconf 94' lang='lat' dir='ltr'><strong>a</strong></span> 
     </span>
     <span class='ocr_line' id='line_1_27' title="bbox 56 2421 847 2498; baseline -0.003 -19"><span class='ocrx_word' id='word_1_181' title='bbox 56 2422 181 2479; x_wconf 80' lang='lat' dir='ltr'><strong>Romanis</strong></span> <span class='ocrx_word' id='word_1_182' title='bbox 195 2421 355 2494; x_wconf 85' lang='lat' dir='ltr'><strong>impetravit,</strong></span> <span class='ocrx_word' id='word_1_183' title='bbox 371 2423 494 2495; x_wconf 87' lang='lat' dir='ltr'><strong>deditque</strong></span> <span class='ocrx_word' id='word_1_184' title='bbox 508 2425 607 2498; x_wconf 76' lang='lat' dir='ltr'><strong>argenti</strong></span> <span class='ocrx_word' id='word_1_185' title='bbox 620 2423 714 2478; x_wconf 90' lang='lat' dir='ltr'><strong>talenta</strong></span> <span class='ocrx_word' id='word_1_186' title='bbox 727 2423 847 2477; x_wconf 86' lang='lat' dir='ltr'><strong>ducenta.</strong></span> 
     </span>
     <span class='ocr_line' id='line_1_28' title="bbox 56 2496 849 2563; baseline -0.001 -10"><span class='ocrx_word' id='word_1_187' title='bbox 56 2496 113 2553; x_wconf 75' lang='lat' dir='ltr'><strong>Afri</strong></span> <span class='ocrx_word' id='word_1_188' title='bbox 123 2497 151 2551; x_wconf 90' lang='lat' dir='ltr'><strong>in</strong></span> <span class='ocrx_word' id='word_1_189' title='bbox 160 2496 247 2551; x_wconf 91' lang='lat' dir='ltr'><strong>Sicilia</strong></span> <span class='ocrx_word' id='word_1_190' title='bbox 259 2497 319 2553; x_wconf 87' lang='lat' dir='ltr'><strong>victi</strong></span> <span class='ocrx_word' id='word_1_191' title='bbox 327 2507 397 2563; x_wconf 88' lang='lat' dir='ltr'><strong>sunt,</strong></span> <span class='ocrx_word' id='word_1_192' title='bbox 404 2506 429 2553; x_wconf 91' lang='lat' dir='ltr'><strong>et</strong></span> <span class='ocrx_word' id='word_1_193' title='bbox 436 2498 469 2553; x_wconf 85' lang='lat' dir='ltr'><strong>de</strong></span> <span class='ocrx_word' id='word_1_194' title='bbox 477 2499 520 2554; x_wconf 90' lang='lat' dir='ltr'><strong>his</strong></span> <span class='ocrx_word' id='word_1_195' title='bbox 529 2498 746 2555; x_wconf 83' lang='lat' dir='ltr'><strong>secundollomae</strong></span> <span class='ocrx_word' id='word_1_196' title='bbox 756 2498 849 2552; x_wconf 88' lang='lat' dir='ltr'><strong>trium-</strong></span> 
     </span>
     <span class='ocr_line' id='line_1_29' title="bbox 57 2570 383 2647; baseline -0.003 -20"><span class='ocrx_word' id='word_1_197' title='bbox 57 2571 168 2644; x_wconf 85' lang='lat' dir='ltr'><strong>phatum</strong></span> <span class='ocrx_word' id='word_1_198' title='bbox 178 2580 227 2628; x_wconf 86' lang='lat' dir='ltr'><strong>est.</strong></span> <span class='ocrx_word' id='word_1_199' title='bbox 249 2589 311 2628; x_wconf 66' lang='lat' dir='ltr'><strong>nu.</strong></span> <span class='ocrx_word' id='word_1_200' title='bbox 323 2570 383 2647; x_wconf 78' lang='lat' dir='ltr'><strong>tou]</strong></span> 
     </span>
    </p>

    <p class='ocr_par' dir='ltr' id='par_1_8' title="bbox 55 2645 853 3095">
     <span class='ocr_line' id='line_1_30' title="bbox 111 2645 847 2722; baseline -0.004 -20"><span class='ocrx_word' id='word_1_201' title='bbox 111 2646 179 2702; x_wconf 79' lang='lat' dir='ltr'><strong>Car.</strong></span> <span class='ocrx_word' id='word_1_202' title='bbox 257 2688 263 2700; x_wconf 93' lang='lat'>.</span> <span class='ocrx_word' id='word_1_203' title='bbox 283 2645 380 2713; x_wconf 91' lang='lat' dir='ltr'><strong>Quinto</strong></span> <span class='ocrx_word' id='word_1_204' title='bbox 398 2663 467 2702; x_wconf 85' lang='lat' dir='ltr'><strong>anno</strong></span> <span class='ocrx_word' id='word_1_205' title='bbox 487 2645 522 2722; x_wconf 81' lang='lat' dir='ltr'><strong>[s.</strong></span> <span class='ocrx_word' id='word_1_206' title='bbox 542 2667 568 2705; x_wconf 83' lang='lat' dir='ltr'><strong>u.</strong></span> <span class='ocrx_word' id='word_1_207' title='bbox 583 2645 644 2722; x_wconf 55' lang='grc'>494]</span> <span class='ocrx_word' id='word_1_208' title='bbox 663 2647 726 2703; x_wconf 89' lang='lat' dir='ltr'><strong>belli</strong></span> <span class='ocrx_word' id='word_1_209' title='bbox 745 2647 847 2710; x_wconf 89' lang='lat' dir='ltr'><strong>Punici,</strong></span> 
     </span>
     <span class='ocr_line' id='line_1_31' title="bbox 57 2719 850 2795; baseline -0.006 -18"><span class='ocrx_word' id='word_1_210' title='bbox 57 2721 128 2793; x_wconf 91' lang='lat' dir='ltr'><strong>quod</strong></span> <span class='ocrx_word' id='word_1_211' title='bbox 138 2729 225 2776; x_wconf 85' lang='lat' dir='ltr'><strong>contra</strong></span> <span class='ocrx_word' id='word_1_212' title='bbox 235 2719 310 2776; x_wconf 79' lang='lat' dir='ltr'><strong>diros</strong></span> <span class='ocrx_word' id='word_1_213' title='bbox 322 2722 459 2795; x_wconf 85' lang='lat' dir='ltr'><strong>agebatur,</strong></span> <span class='ocrx_word' id='word_1_214' title='bbox 471 2724 588 2793; x_wconf 90' lang='lat' dir='ltr'><strong>primum</strong></span> <span class='ocrx_word' id='word_1_215' title='bbox 600 2724 710 2778; x_wconf 88' lang='lat' dir='ltr'><strong>Ilomani</strong></span> <span class='ocrx_word' id='word_1_216' title='bbox 721 2722 751 2777; x_wconf 85' lang='lat' dir='ltr'><strong>C.</strong></span> <span class='ocrx_word' id='word_1_217' title='bbox 763 2720 850 2774; x_wconf 90' lang='lat' dir='ltr'><strong>Duilio</strong></span> 
     </span>
     <span class='ocr_line' id='line_1_32' title="bbox 56 2795 847 2857; baseline -0.004 -7"><span class='ocrx_word' id='word_1_218' title='bbox 56 2804 82 2850; x_wconf 90' lang='lat' dir='ltr'><strong>et</strong></span> <span class='ocrx_word' id='word_1_219' title='bbox 103 2796 153 2851; x_wconf 88' lang='lat' dir='ltr'><strong>Cn.</strong></span> <span class='ocrx_word' id='word_1_220' title='bbox 174 2795 292 2851; x_wconf 89' lang='lat' dir='ltr'><strong>Cornelio</strong></span> <span class='ocrx_word' id='word_1_221' title='bbox 311 2795 392 2851; x_wconf 77' lang='lat' dir='ltr'><strong>Asina</strong></span> <span class='ocrx_word' id='word_1_222' title='bbox 412 2796 494 2853; x_wconf 85' lang='lat' dir='ltr'><strong>Coss.</strong></span> <span class='ocrx_word' id='word_1_223' title='bbox 515 2797 542 2852; x_wconf 90' lang='lat' dir='ltr'><strong>in</strong></span> <span class='ocrx_word' id='word_1_224' title='bbox 564 2798 629 2853; x_wconf 88' lang='lat' dir='ltr'><strong>mari</strong></span> <span class='ocrx_word' id='word_1_225' title='bbox 648 2797 847 2857; x_wconf 88' lang='lat' dir='ltr'><strong>dimicaverunt,</strong></span> 
     </span>
     <span class='ocr_line' id='line_1_33' title="bbox 55 2869 850 2943; baseline -0.003 -19"><span class='ocrx_word' id='word_1_226' title='bbox 55 2870 154 2942; x_wconf 80' lang='lat' dir='ltr'><strong>paratis</strong></span> <span class='ocrx_word' id='word_1_227' title='bbox 164 2870 277 2925; x_wconf 89' lang='lat' dir='ltr'><strong>navibus</strong></span> <span class='ocrx_word' id='word_1_228' title='bbox 286 2872 411 2937; x_wconf 87' lang='lat' dir='ltr'><strong>rostratis,</strong></span> <span class='ocrx_word' id='word_1_229' title='bbox 424 2889 491 2943; x_wconf 86' lang='lat' dir='ltr'><strong>quas</strong></span> <span class='ocrx_word' id='word_1_230' title='bbox 500 2872 631 2927; x_wconf 82' lang='lat' dir='ltr'><strong>Liburnos</strong></span> <span class='ocrx_word' id='word_1_231' title='bbox 640 2878 741 2927; x_wconf 86' lang='lat' dir='ltr'><strong>vocant.</strong></span> <span class='ocrx_word' id='word_1_232' title='bbox 781 2869 850 2925; x_wconf 89' lang='lat' dir='ltr'><strong>Con-</strong></span> 
     </span>
     <span class='ocr_line' id='line_1_34' title="bbox 55 2943 849 3018; baseline -0.003 -19"><span class='ocrx_word' id='word_1_233' title='bbox 55 2943 98 2999; x_wconf 85' lang='lat' dir='ltr'><strong>sul</strong></span> <span class='ocrx_word' id='word_1_234' title='bbox 109 2944 476 3018; x_wconf 85' lang='lat' dir='ltr'><strong>Corneliuslraudedeceptus</strong></span> <span class='ocrx_word' id='word_1_235' title='bbox 491 2955 538 3002; x_wconf 86' lang='lat' dir='ltr'><strong>est.</strong></span> <span class='ocrx_word' id='word_1_236' title='bbox 576 2946 693 3009; x_wconf 87' lang='lat' dir='ltr'><strong>Duilius,</strong></span> <span class='ocrx_word' id='word_1_237' title='bbox 711 2944 849 2999; x_wconf 87' lang='lat' dir='ltr'><strong>commisso</strong></span> 
     </span>
     <span class='ocr_line' id='line_1_35' title="bbox 55 3019 853 3095; baseline 0.001 -23"><span class='ocrx_word' id='word_1_238' title='bbox 55 3019 167 3093; x_wconf 82' lang='lat' dir='ltr'><strong>proelio,</strong></span> <span class='ocrx_word' id='word_1_239' title='bbox 188 3020 444 3095; x_wconf 79' lang='lat' dir='ltr'><strong>Carthaginiensium</strong></span> <span class='ocrx_word' id='word_1_240' title='bbox 459 3022 554 3078; x_wconf 87' lang='lat' dir='ltr'><strong>ducem</strong></span> <span class='ocrx_word' id='word_1_241' title='bbox 566 3022 644 3088; x_wconf 82' lang='lat' dir='ltr'><strong>vicit,</strong></span> <span class='ocrx_word' id='word_1_242' title='bbox 663 3021 757 3075; x_wconf 83' lang='lat' dir='ltr'>XXXI</span> <span class='ocrx_word' id='word_1_243' title='bbox 770 3036 853 3074; x_wconf 74' lang='lat' dir='ltr'><strong>naues</strong></span> 
     </span>
    </p>
   </div>
   <div class='ocr_carea' id='block_1_5' title="bbox 0 0 964 3330">
    <p class='ocr_par' dir='ltr' id='par_1_9' title="bbox 0 0 964 3330">
     <span class='ocr_line' id='line_1_36' title="bbox 0 0 964 3330; baseline 0 0"><span class='ocrx_word' id='word_1_244' title='bbox 0 0 964 3330; x_wconf 95' lang='lat' dir='ltr'><strong> </strong></span> 
     </span>
    </p>
   </div>
  </div>
 </body>
</html>
