1906 3330
388 503 502 549 LIBER
524 505 558 549 11.
835 499 866 551 I'I

74 604 181 678 triginta
198 619 260 657 cum
279 603 470 676 pugnatoribus
487 604 566 674 cepit3
588 603 637 659 XV
651 602 734 658 millia
751 603 866 660 hostium

73 683 120 734 dut
137 676 243 742 occidit,
265 685 310 732 aut
328 678 406 749 cepit;
428 677 538 733 militem
558 696 637 733 suum
656 678 755 752 ingenti
772 679 867 750 praeda

73 753 178 808 ditavit.
215 752 248 806 Et
256 751 363 806 subacta
372 751 459 807 Africa
468 761 525 806 tum
534 751 633 818 luisset,
646 753 698 807 nisi
709 761 777 808 lanu
786 753 868 808 fames

73 827 180 892 fuisset,
204 835 234 880 ut
255 825 355 880 diutius
377 835 523 898 exspectare
545 829 672 883 exereitus
695 845 748 883 nou
771 837 867 900 posset.

74 901 216 967 Consules,
232 917 293 955 cum
310 900 407 955 victrici
421 901 502 956 classe
515 901 664 968 redeuntes,
676 903 743 958 circa
752 903 869 958 Siciliam

76 974 245 1049 naufragium
257 976 328 1046 passi
342 984 417 1040 sunt,
439 983 464 1036 et
477 984 547 1053 tanta
562 984 698 1047 tempestas
712 977 774 1044 luit,
793 987 824 1033 ut
836 995 870 1032 ex

75 1049 277 1124 quadringentis
289 1050 423 1122 sexaginta
436 1059 547 1121 quatuor
557 1053 670 1106 navibus
679 1055 805 1126 octoginta
815 1071 871 1108 ser-

78 1124 135 1182 vari
145 1125 192 1180 vix
200 1124 340 1195 potuerint.
369 1125 460 1195 Neque
471 1124 524 1179 ullo
534 1137 649 1196 tempere
659 1135 728 1180 tanta
739 1128 870 1182 maritima

76 1207 216 1271 tempestas
230 1197 318 1253 audita
333 1207 381 1252 est.
420 1199 530 1253 Romani
544 1207 630 1255 tamen
645 1201 732 1254 statim
747 1201 871 1255 ducentas

79 1281 371 1402 naveffiepmverum’
387 1290 472 1344 neque
485 1274 514 1328 in
523 1273 612 1346 aliquo
621 1275 726 1330 animus
739 1275 782 1329 his
791 1274 871 1330 inira·
939 1293 943 1300 ·

134 1422 204 1478 Cae.
224 1422 323 1476 XXIII.
343 1420 443 1495 (XIII.)
462 1422 511 1478 Cn.
531 1422 658 1478 Servilius
677 1424 772 1495 Caepio
793 1431 819 1478 et
840 1423 871 1480 C.

77 1496 249 1568 Sempronius
267 1495 374 1551 Blaesus
393 1496 476 1552 Coss.
498 1495 533 1572 [a.
552 1518 578 1553 a.
594 1495 654 1573 tet]
674 1516 735 1553 cnm
754 1498 872 1553 ducentis

78 1570 214 1644 sexaginta
232 1571 346 1626 navibus
365 1571 399 1626 ad
417 1570 532 1626 Africam
551 1572 656 1643 proiecti
674 1584 749 1641 sunt,
774 1572 874 1645 aliquot

79 1646 196 1701 civitates
205 1653 339 1717 ceperunt3
360 1646 483 1718 praedam
494 1647 625 1719 ingentem
636 1648 796 1711 reducentes,
808 1666 873 1702 nau·

80 1719 195 1794 fragium
208 1719 279 1791 passi
288 1729 360 1775 sunt.
400 1722 490 1792 Itaque
500 1738 561 1775 cum
571 1722 707 1776 continuae
716 1721 873 1776 calamitates

82 1794 205 1850 Romanis
218 1794 397 1865 displicerent,
413 1794 527 1850 decrevit
536 1794 661 1858 Senatus,
674 1805 701 1850 ut
710 1814 725 1849 a
735 1795 874 1850 maritimis

80 1868 186 1943 proeliis
196 1870 365 1935 recederetur,
377 1877 402 1924 et
411 1877 512 1925 tantum
523 1871 656 1944 sexaginta
663 1888 746 1925 naves
759 1870 791 1925 ad
801 1888 875 1941 prae-

80 1943 180 1999 sidium
192 1943 278 1999 ltaliae
286 1944 374 1999 salvae
383 1954 478 2000 essent.

135 2018 204 2073 Cae.
224 2019 323 2074 XXIV.
344 2020 375 2075 L.
390 2019 500 2075 Caecilio
514 2019 628 2084 Metello,
649 2021 680 2074 C.
695 2020 775 2074 Furio
789 2019 874 2074 Pacilo

80 2090 167 2149 Coss.
187 2090 333 2168 [a.o.501.]
352 2093 471 2150 Metellus
486 2095 514 2149 in
529 2094 616 2149 Sicilia
634 2093 756 2150 Afrorum
770 2094 873 2159 ducem,

80 2183 143 2223 oum
167 2167 269 2224 CXXX
290 2168 434 2239 elephantis
454 2177 479 2224 et
497 2169 601 2242 magnis
619 2168 701 2240 copiis
718 2169 873 2233 venientem,

81 2244 223 2314 superavit,
235 2243 289 2297 XX
298 2242 382 2298 millia
392 2245 507 2299 hostiurn
516 2244 617 2309 cecidit,
628 2244 717 2299 XXVI
726 2243 876 2316 elephantos

80 2318 162 2390 oepit,
174 2317 289 2390 reliquos
298 2327 411 2373 ementes
421 2336 466 2391 per
476 2318 617 2383 Numidas,
630 2336 697 2391 quos
708 2319 736 2372 in
745 2318 875 2374 auxilium

81 2390 206 2457 habebat,
228 2392 331 2466 collegit
349 2402 373 2448 et
390 2394 500 2448 Romam
520 2394 629 2448 deduxit
650 2393 749 2466 ingenti
768 2411 873 2466 pompa,

81 2467 876 2597 epmCXXXelephantorumnumerusomniaitineraoom-

82 2547 173 2614 peret.

136 2615 207 2672 Car.
222 2616 309 2671 XXV.
324 2615 414 2690 (XIV.)
432 2617 640 2673 Posthaecmala
650 2618 877 2691 Carthaginienses

83 2690 214 2765 Regulum
224 2691 331 2755 ducem,
343 2710 424 2764 quem
433 2701 565 2764 ceperant,
576 2695 718 2765 petierunt,
731 2703 759 2747 ut
768 2693 877 2747 Romam

83 2765 301 2837 proficisceretur,
317 2774 341 2820 et
354 2785 474 2839 paoema
488 2769 612 2823 Romanis
625 2768 765 2830 obtineret,
781 2783 810 2819 ac
819 2782 877 2835 per-

83 2840 255 2895 mutationem
281 2842 443 2912 captivorum
467 2841 569 2898 faceret.
609 2843 654 2897 llle
681 2844 790 2896 Romam
817 2856 877 2892 eum

85 2914 211 2978 venisset,
232 2914 355 2970 inductus
369 2917 396 2971 in
413 2926 545 2982 senatum,
568 2918 633 2972 nihil
654 2918 730 2988 quasi
746 2917 878 2969 Romanus

84 2990 150 3064 egit,
162 2989 290 3060 dixitque,
301 3008 329 3046 se
338 3010 372 3047 aar
384 2996 433 3048 illa
442 2997 492 3058 die,
504 3011 555 3063 qua
565 3000 593 3048 ia
599 3002 750 3062 potestatam
758 2994 879 3060 Afrorum

141 3099 253 3136 ueraci>
660 3094 687 3135 E
