1906 3330
33 188 64 243 {2
333 191 521 239 EUTROPII

33 296 161 381 angustiis
174 293 288 349 looorum
298 292 443 358 oonolnsos
455 291 554 365 ingenti
563 289 678 345 dadooort

32 381 57 425 ot
70 370 224 442 subiugum
234 369 371 423 miserunt.
410 369 463 421 Pax
473 373 678 420 tamenasenatn

32 443 115 499 soluta
134 452 187 507 est,
207 461 275 514 quae
291 460 353 497 oum
372 441 437 514 ipsis
451 447 553 512 propter
566 439 678 494 nooessit

32 517 124 572 f.uerat
164 519 252 572 Postea
266 515 301 592 [a.
314 536 340 573 o.
333 513 430 644 Μ]
427 515 555 570 Samnitas
565 513 626 569 victi
637 531 678 567 sur

34 592 100 662 pirio
113 591 232 648 oonsula:
253 600 350 664 septem
366 609 402 645 mr
414 590 448 645 lia
462 607 552 644 eorum
565 588 634 643 sub
628 606 678 660 rugi

33 667 153 737 Papirius
181 666 214 721 de
240 666 401 722 Samnitibus
430 664 610 735 triumphavit.
648 664 678 716 Et

33 741 135 827 Appius
149 740 275 797 Claudius
289 758 379 796 oensor
392 739 496 811 Aquam
509 737 666 793 Claudiam
660 756 678 790 rr

32 816 104 870 viam
122 815 235 888 Appiam
253 816 354 871 stravit
366 812 408 901 [a.
424 834 450 870 o.
465 811 526 886 tta]
545 812 674 866 Samnites

33 889 114 955 bello,
130 891 162 957 Q.
177 890 289 946 Fabium
303 889 449 944 Maximum
462 888 594 950 vicerunt
609 887 678 940 tribu

33 965 172 1020 hominum
185 965 288 1020 oooisis
303 962 339 1038 [n.
351 983 376 1019 o.
387 961 447 1036 tom]
462 964 565 1026 Postea,
580 978 679 1015 oum
656 979 679 1032 p

32 1039 94 1096 bius
109 1039 240 1094 Maximus
254 1038 354 1112 legatus
367 1037 443 1091 datus
456 1034 560 1100 fuisset.
575 1044 600 1089 et
609 1035 680 1089 Sami

33 1122 58 1168 et
72 1113 185 1185 plurima
200 1130 291 1168 eorum
304 1112 399 1184 oppida
415 1110 492 1182 oepit.
531 1076 628 1164 D'einde
643 1112 672 1164 P.

33 1188 159 1253 Rufinus,
173 1188 277 1243 Manius
287 1186 383 1242 Currus
393 1187 524 1249 Dentatus
537 1185 614 1239 ambo
633 1184 673 1239 Co

33 1261 163 1316 Samnitas
174 1263 257 1327 missi,
270 1261 420 1335 ingentibus
428 1258 534 1331 proeliis
543 1276 586 1314 eos
596 1258 679 1313 oonsec

33 1336 133 1392 beilum
143 1354 205 1391 oum
214 1337 377 1393 Samnitibus
386 1353 432 1407 por
441 1351 524 1390 annos
534 1351 627 1389 novem
637 1335 679 1388 ot]

33 1411 207 1480 sustulerunt;
229 1429 314 1484 noque
327 1410 399 1465 ullus
413 1409 495 1465 hostis
508 1408 579 1464 tuit
571 1417 638 1464 intra
648 1410 679 1463 Ita

33 1486 177 1541 Romanam
188 1487 309 1541 virtutem
318 1485 402 1558 magis
413 1483 567 1559 fatigaverit.

87 1561 155 1617 Cir.
167 1562 203 1616 X
214 1559 559 1631 Interiootisatiquotannis‚
572 1556 607 1633 [a
618 1577 644 1613 n.
656 1564 679 1610 tr

33 1635 206 1690 soGaltorum
216 1652 304 1707 oopraa
313 1643 400 1689 oontra
409 1635 538 1689 Romanos
548 1633 639 1688 Tusors
649 1632 679 1686 Sa

33 1727 87 1781 quo
96 1710 250 1777 iunxerunt
272 1709 386 1764 ssdoum
397 1708 506 1763 Romam
516 1708 660 1779 tenderent,
673 1726 679 1762 r

34 1784 102 1839 notro
111 1783 241 1839 Dolabella
255 1783 321 1839 Cos.
336 1782 433 1837 deletae
441 1793 513 1838 sunt

87 1858 156 1916 Car.
176 1858 224 1913 XI.
244 1857 307 1931 (Vt.)
328 1857 425 1912 Eodem
442 1866 527 1930 tempo
528 1855 604 1932 ra[r
616 1877 642 1912 o
653 1863 677 1910 tt

33 1933 109 1999 tinia,
125 1951 172 2004 qur
188 1933 282 1988 iamin
297 1932 389 1987 ultima
405 1932 476 1987 Italia
490 1941 565 1995 sunt,
580 1931 679 1985 bellum

32 2016 86 2073 ast,
109 2025 156 2079 qut
176 2006 267 2080 tegatis
285 2007 488 2062 Romanorum
480 2006 604 2062 rniuriam
624 2006 679 2060 fecis

32 2082 179 2156 Pyrrhum,
195 2082 269 2154 Epiri
282 2100 383 2155 regem,
398 2090 485 2137 oontra
495 2083 624 2137 Romanos
634 2098 679 2135 aur

32 2164 179 2228 pomorum,
191 2157 282 2228 quiex
290 2175 383 2231 genere
393 2156 502 2211 Achillis
511 2156 638 2229 originem
649 2164 679 2209 tra

32 2248 96 2288 mox
114 2231 148 2287 ad
167 2231 267 2287 ltaliam
280 2232 364 2297 venit,
385 2239 495 2303 tumque
507 2231 623 2303 primum
638 2231 679 2285 Ror

32 2306 206 2362 transmarino
228 2307 301 2361 hoste
326 2306 526 2363 dimioayerunt
564 2306 661 2360 Missus

31 2397 94 2436 aum
108 2380 243 2436 oonsuiP.
254 2381 373 2437 Valerius
383 2381 526 2444 Laevinus
540 2380 597 2450 qui
609 2396 669 2433 oum

32 2472 74 2511 ros
88 2455 181 2530 Pyrrhi
195 2456 317 2542 cepisset,
334 2456 410 2510 iussit
423 2472 467 2509 eos
480 2472 525 2525 per
538 2461 619 2508 eastra
633 2452 680 2507 dur

31 2546 138 2584 omnem
156 2531 311 2591 exercitum
333 2538 441 2600 tumque
458 2527 568 2592 dimitti
592 2535 622 2582 nt
640 2544 680 2582 rer

32 2603 143 2677 Pyrrho,
155 2602 484 2675 quoacunquealiomanrs
493 2609 638 2673 agerentur
677 2616 680 2647 ¹

32 2692 94 2733 mox
107 2693 211 2751 pogna
226 2693 287 2732 oum
300 2677 354 2732 iam
367 2676 484 2752 Pyrrhus
498 2675 611 2751 fugeret,
625 2673 680 2749 alop
