1906 3330
83 129 112 185 2<
384 135 573 182 Ensnoen

85 235 167 289 apibus
181 235 277 280 adiutus,
294 232 334 274 sed
347 235 425 275 matris
438 235 561 286 uxorisque
571 233 625 274 fletu
636 240 660 274 et
670 231 794 286 deprecatio

85 314 178 361 perotus
189 306 282 348 recedit·
298 306 331 346 1⁶.
342 303 461 346 Fabiorum
472 318 546 360 pugna
557 303 743 346 eumVeientibns
753 307 794 346 eta

87 378 172 422 Census
182 378 268 422 civium.
294 379 327 418 11.
343 376 440 424 Quinctii
452 376 579 418 Cincinnati
590 376 705 417 dictatoris
714 376 794 417 vitaer

85 463 122 492 res
132 451 223 493 fortites·
232 453 317 500 gestae.
346 451 379 490 18.
395 448 711 502 Decemvisornnimperium.
740 451 772 490 19.
788 448 794 489 l

87 537 135 565 cum
144 521 300 569 Fidenatibus,
310 521 444 563 Veientibus
455 529 478 563 et
487 521 585 564 Volscis.
609 525 644 562 20.
659 519 746 562 Bellum
758 519 794 561 Gs'

141 678 210 734 Coo.
221 680 243 733 1.
254 669 407 734 Romanum
417 680 628 751 imperiumque
637 696 722 751 neque
731 678 763 732 ab
772 694 794 730 eo

88 752 172 809 ullum
185 753 347 819 faeminas,
364 772 449 826 neque
459 755 623 809 incrementis
633 762 684 807 tote
692 753 754 807 orbe
764 769 794 805 an

86 829 202 883 humone
211 837 293 900 potest
303 831 427 883 memoria
437 830 573 893 recordari,
586 846 599 882 a
611 830 731 882 Rouana
741 844 794 880 exat

85 903 177 969 habet;
198 904 245 975 qui
259 904 325 957 Reae
341 903 449 969 Silviae,
471 903 579 959 Vestalis
594 902 717 974 virginis,
740 901 794 954 filiu

87 986 217 1050 quantum
235 985 342 1048 putatus
360 985 411 1043 est,
432 978 535 1041 Martis,
558 994 618 1030 cum
632 977 718 1031 Reno
736 975 794 1029 frati

86 1062 164 1124 portu
178 1052 264 1106 editus
277 1058 324 1105 est.
364 1053 463 1106 [scum
477 1054 542 1105 intei
551 1058 665 1122 pastores
677 1050 794 1103 latrocine

88 1127 229 1181 octodecim
249 1143 331 1180 annos
349 1133 440 1191 notus,
465 1126 558 1180 urbem
577 1125 700 1197 exiguam
720 1124 747 1177 in
765 1125 794 1177 Pa

88 1210 177 1256 monte
185 1201 326 1266 mustituit‚
338 1199 449 1256 XLCal.
459 1201 530 1266 Maii,
543 1198 706 1274 Olympiadis
717 1206 794 1252 sextat

87 1276 175 1341 tertio,
190 1284 249 1348 post
263 1276 353 1332 Troiae
367 1275 509 1342 excidium,
527 1283 566 1340 ut,
582 1275 629 1347 qui
643 1272 788 1346 plurimum

88 1369 227 1425 mumque,
239 1353 354 1416 tradunt,
368 1350 544 1406 trecentesimo
554 1350 721 1423 nonagesimo
731 1367 794 1420 quar

144 1427 213 1482 Coo.
234 1429 267 1482 Il.
288 1426 327 1499 (1.)
351 1425 460 1480 Condita
482 1426 597 1486 civitate.
622 1441 703 1495 quam
724 1441 756 1476 ex
775 1441 792 1475 n

90 1518 139 1555 suo
161 1503 267 1556 Rouan
295 1500 407 1564 vucavit,
434 1500 498 1553 haec
518 1497 570 1552 lere
588 1498 650 1570 egit.
688 1497 793 1552 Multitu

91 1575 264 1629 finitimorum
275 1576 302 1628 in
313 1574 443 1628 civitatem
452 1573 560 1644 recepit3
581 1580 685 1627 centum
695 1572 793 1627 esseni

91 1648 166 1721 legit,
188 1666 302 1720 quorum
321 1648 429 1702 consilio
448 1648 536 1702 omnia
555 1656 653 1720 ageret,
674 1666 741 1720 quos
756 1665 794 1701 ser

92 1724 237 1778 nominavit
246 1729 350 1794 propter
359 1731 525 1777 senectutem.
565 1723 642 1787 Tum,
655 1739 794 1777 cumuxon

92 1807 117 1853 et
126 1797 240 1868 populus
249 1815 314 1851 suus
325 1813 376 1851 non
386 1797 518 1863 haberent,
536 1797 656 1853 invitavit
666 1797 698 1851 ad
707 1804 794 1868 specta

94 1872 217 1926 ladonam
237 1872 336 1926 vicinos
355 1872 430 1927 uobis
443 1873 539 1928 Romae
556 1874 684 1937 nationes,
705 1879 781 1942 atque

93 1947 210 2019 virgines
233 1947 328 2017 rapuit.
367 1947 510 2002 Commotis
533 1947 609 2002 bellis
631 1954 733 2018 proptor
752 1959 794 2012 rap

93 2021 227 2086 iniuriam,
239 2021 412 2077 Caeninenses
423 2023 493 2088 vicit,
505 2023 679 2085 Antemnates,
692 2019 794 2074 eroum

95 2095 214 2160 Sabinos,
223 2096 369 2162 Fidenates,
376 2098 508 2162 Veientes;
520 2096 678 2152 haecomnia
688 2090 781 2164 oppida
792 2108 794 2119 ¹

94 2171 215 2243 cingunt.
253 2171 287 2225 Et
306 2188 367 2226 oum
385 2181 440 2226 orta
453 2173 541 2228 subito
554 2176 701 2241 tempestate
715 2183 766 2220 non
781 2182 794 2218 c

95 2245 202 2311 ruisset,
220 2263 289 2301 anno
302 2247 376 2320 regni
390 2245 642 2321 trigesimoseptimo
651 2241 684 2295 ad
694 2241 754 2295 deos
763 2248 794 2294 tre

95 2319 209 2375 creditus
222 2328 260 2375 est
274 2328 298 2375 et
311 2331 484 2377 consecratus.
522 2317 618 2374 Deinde
631 2317 727 2370 Romae
735 2333 794 2386 peri

96 2394 152 2448 dies
166 2404 296 2450 senatores
310 2397 516 2468 imperaverunt3
537 2392 611 2448 ethis
622 2391 792 2464 regnantibus

96 2486 167 2524 unus
175 2470 319 2542 completus
328 2479 375 2526 est.

152 2544 221 2600 Clo.
242 2547 287 2599 111.
307 2545 360 2619 (ΙΙ.)
378 2546 467 2600 Postea
478 2540 513 2619 [a.
525 2561 551 2598 n.
563 2538 609 2617 aa]
625 2541 712 2597 Noua
727 2541 779 2596 Pei

98 2635 144 2674 rex
158 2627 259 2675 creatus
268 2627 324 2690 est;'
341 2620 388 2693 qui
398 2618 498 2675 bellum
507 2616 616 2692 quidem
627 2614 764 2691 nullunp
