1906 3330
85 153 118 206 32
375 148 575 204 'nunnonn

86 267 194 328 nerunt3
217 259 283 315 inter
296 257 361 314 alios
369 259 447 312 etiam
456 255 527 311 venit
535 252 637 309 Attalus
649 261 728 326 atque
736 254 783 308 Eur

85 334 163 390 Asiae
176 351 262 408 reges3
284 339 362 405 atque
374 331 480 386 Prusias
492 328 639 403 Bithyniae.
678 329 775 402 Magno

85 409 181 480 accepti
191 415 265 471 sunt,
280 413 317 472 et,
332 405 495 478 permittente
502 411 606 468 senatu,
616 403 700 468 dona,
711 420 780 474 quae

86 490 152 548 rant,
164 483 192 537 in
201 480 326 553 Capitolio
335 488 487 552 posuerunt.
502 479 607 533 Prusias
615 478 693 533 etiam
704 478 783 534 filiun

86 556 253 612 Nicomedem
263 556 364 610 senatui
374 554 574 610 commendavit.

140 629 208 686 Car.
223 631 271 685 IX.
286 631 435 703 Insequenti
444 648 513 686 anno
522 631 551 683 L.
561 627 706 684 llummius
717 627 745 681 in
755 628 783 681 Hi

85 705 152 760 bene
169 706 307 780 pugnavit.
346 704 483 761 Marcellus
502 711 588 776 postea
608 702 698 757 consul
718 719 758 756 res
782 722 783 755 ς

86 797 208 852 prospera
220 781 311 854 gessit.

141 854 210 911 Car.
232 855 267 910 X.
287 854 338 927 (V.)
361 855 496 910 Tnnrrurr
516 852 609 908 deinde
628 853 748 907 Bnuuurr
768 869 783 906 e

86 928 303 986 Canrnaornnrr
323 929 479 1000 suscipitur,
494 927 680 983 sexcentesimo
689 934 714 980 et
724 925 783 980 alter

86 1005 120 1059 ab
135 1005 200 1059 urba
215 1004 330 1070 condita,
352 1004 382 1057 L.
398 1001 494 1057 Manlio
508 1002 662 1066 Censorino,
683 1008 708 1055 et
725 1002 770 1056 Μ’.

86 1078 168 1134 Coss.
188 1095 258 1133 anno
267 1079 300 1133 LI
308 1085 380 1150 post,
391 1094 473 1148 quarn
483 1077 629 1131 secundum
639 1075 783 1130 Punicum]

86 1160 245 1207 transactum
258 1160 320 1207 arat.
360 1152 392 1206 Hi
403 1149 508 1224 proiecti
518 1151 700 1224 Carthaginem
711 1168 781 1222 oppu

86 1235 159 1282 runt.
197 1228 291 1283 Contra
305 1243 349 1282 eos
360 1225 521 1291 Hasdrubal,
542 1226 599 1282 dux
612 1225 783 1297 Carthaginier

74 1300 236 1358 dimicabat.
274 1302 401 1367 Phamea,
426 1300 483 1357 dux
505 1300 587 1368 alius,
616 1300 742 1372 equitatui
766 1317 783 1372 p

86 1376 353 1452 Carthaginiensium.
391 1376 478 1450 Scipio
503 1384 580 1442 tunc,
609 1375 737 1446 Scipionis
766 1375 783 1429 l

87 1470 176 1524 nepos,
184 1453 307 1508 tribunus
317 1452 355 1507 ibi
365 1451 503 1507 militabat.
514 1452 599 1506 Huius
609 1449 680 1522 apud
689 1466 780 1504 omnes

85 1536 172 1582 metus
181 1536 206 1582 et
214 1528 356 1582 reverentia
365 1533 428 1580 crat.
457 1527 524 1581 Nam
534 1534 559 1580 ct
567 1525 750 1596 paratissimus
759 1543 783 1579 a(

86 1601 201 1657 eandum
214 1610 240 1656 et
252 1598 463 1656 consultissimus
472 1599 626 1654 habebatur.
665 1601 783 1672 Itaquep

87 1674 169 1730 multa
188 1691 344 1747 prosperae
363 1673 446 1730 Coss.
466 1682 537 1746 gesta
556 1682 627 1729 sunt.
667 1675 720 1728 Nec
733 1675 783 1745 qui

87 1750 172 1823 magis
182 1749 223 1804 vel
233 1748 379 1804 Hasdrubal
390 1747 430 1803 vel
441 1749 552 1803 Phamea
563 1749 688 1814 vitabant,
701 1767 782 1820 qrram

86 1841 144 1879 eam
159 1825 336 1879 Romanorum
350 1831 450 1895 partem
459 1825 632 1889 committere,
648 1824 696 1878 ubi
706 1824 783 1896 Scipi«

85 1899 169 1954 cahat.
361 1932 368 1949 .

141 1972 210 2028 Car.
230 1972 278 2031 XI.
299 1971 430 2027 Periclem
445 1980 549 2044 tempus
563 1969 599 2048 [r.
613 1992 639 2028 o.
656 1970 716 2046 oth]
732 1974 783 2028 Mas

86 2063 132 2101 rex
142 2045 327 2111 Numidarum,
334 2065 380 2119 per
388 2065 470 2102 annos
479 2051 613 2121 sexaginta
623 2046 673 2101 lere
682 2048 782 2102 amicus

86 2122 211 2186 Romani,
228 2138 297 2177 anno
310 2122 378 2177 vitae
394 2122 489 2178 XCVII
501 2131 633 2187 mortuus,
650 2122 732 2177 XLlV
747 2123 783 2177 fili

86 2196 144 2261 ctis,
156 2196 302 2269 Scipionem
313 2197 454 2253 divisorem
464 2197 538 2272 regni
549 2198 615 2252 inter
625 2197 692 2251 srlios
700 2216 756 2252 esse
767 2199 783 2252 it

141 2270 210 2327 Car.
221 2271 281 2327 XII.
292 2272 359 2327 Cum
369 2273 450 2348 igitur
458 2272 557 2328 clarum
563 2271 690 2343 Scipionis
700 2290 783 2328 nomer

88 2347 192 2402 iuvenis
205 2346 292 2402 adhuc
310 2347 376 2404 Cos.
394 2356 434 2402 est
447 2347 541 2412 lactus,
556 2355 581 2402 et
595 2356 682 2402 oontra
698 2347 783 2403 Cartha

88 2421 197 2477 missus.
213 2419 249 2497 [r.
264 2442 290 2479 o.
307 2420 366 2498 tot]
385 2424 481 2478 laeam
496 2422 562 2492 cepit
576 2439 605 2476 ac
618 2421 708 2476 diruit.
725 2420 761 2496 [a.
778 2442 783 2477 t

87 2495 175 2568 Spolia
195 2497 231 2552 ibi
252 2497 369 2561 inventa,
391 2515 459 2568 quae
471 2495 604 2552 variarum
618 2496 753 2552 civitatum
772 2514 783 2552 c

88 2570 216 2646 Carthago
230 2572 378 2645 collegeram
399 2579 587 2627 orornamenta
605 2570 713 2625 urbium
732 2572 783 2626 civi

88 2645 204 2712 Siciliae,
222 2645 321 2712 ltaliae,
333 2645 433 2702 Africae
443 2646 568 2712 reddidit,
580 2663 648 2721 quae
657 2663 705 2702 sua
715 2663 783 2723 reoop
