1906 3330
117 120 149 173 36
419 124 611 171 nunnonn

171 225 241 280 Can.
261 225 359 280 XXIV.
382 222 423 279 Ab
442 212 509 280 urbo
522 224 624 279 condita
638 242 707 280 anno
720 224 872 283 dcxxxv
884 226 915 283 C.

941 61 951 137 l

116 300 179 356 Cato
193 298 284 354 consul
298 296 441 353 Soordisois
456 298 546 354 intulit
556 299 671 365 bellum,
688 299 916 373 ignominioseque
947 326 951 333 ·

116 373 256 448 pugnavit.
277 370 312 445 [a.
323 391 349 427 n.
361 369 422 446 tae]

170 447 239 502 Cin.
264 446 351 501 XXV.
382 446 412 501 C.
433 445 544 502 Caecilio
561 446 665 501 Metello
682 454 707 500 et
725 444 775 502 Cn.
797 447 916 503 Cnsbono

117 522 198 576 Coss.
212 519 247 593 [i.
259 540 284 575 u.
298 517 358 594 639]
369 520 422 576 duo
432 519 526 575 Metelli
539 519 630 575 iratres
640 520 730 574 eodem
740 520 791 585 die,
803 520 915 577 altorum

116 613 150 649 ex
164 594 297 658 Sardinia,
313 594 423 649 alterum
437 612 470 649 ex
485 594 594 649 Thracia
608 595 774 664 triumphum
788 604 913 668 egerunt;

116 669 321 754 nuntiatumque
335 670 432 724 Romae
445 676 496 733 est,
512 667 633 724 Cimbros
647 686 663 723 o
675 668 759 723 Gallia
774 669 803 724 in
813 669 915 725 ltaliam

116 752 351 873 tranlsllilil'XXVl.
360 816 427 888 (Xl.)
436 818 466 871 P.
473 816 689 888 ScipioneNasioa
700 823 725 870 et
733 815 915 887 l.Calpurnio

116 893 199 946 Bestia
223 892 305 945 Coss.
341 907 367 943 t.
387 909 412 945 u.
434 888 501 962 tlt]
521 892 709 955 losnensis,
737 889 914 945 Numidamm

116 966 185 1036 rogi,
198 964 297 1018 bellum
308 964 325 1016 il
337 970 409 1016 atum
420 970 466 1026 est,
479 963 551 1034 quod
559 963 734 1018 Adherbalem
744 972 769 1017 et
778 964 915 1035 Hiempsa-

117 1038 182 1099 lem,
194 1038 317 1107 Micipsae
329 1036 409 1101 filios,
421 1035 512 1090 fratres
521 1054 596 1101 suos,
613 1055 687 1110 rages
696 1046 722 1091 et
731 1039 760 1091 P.
772 1038 805 1091 R.
817 1038 915 1111 amioos

116 1111 299 1165 interemisset.
338 1111 436 1164 Missus
450 1110 576 1165 advorsus
590 1128 652 1165 eum
666 1112 733 1167 Cos.
754 1110 915 1181 Calpurnius

116 1185 213 1248 Bestia,
225 1194 362 1257 corruptus
375 1185 445 1257 regis
456 1185 580 1256 mannia,
593 1202 683 1256 paoem
693 1202 754 1239 oum
764 1202 795 1239 eo
804 1184 915 1261 tlagitio-

116 1259 249 1313 sissimam
265 1258 336 1324 lecit,
357 1277 425 1332 quaa
437 1267 554 1314 asenatu
574 1260 718 1330 improbata
736 1266 785 1312 est.
826 1261 914 1315 Postea

116 1340 204 1387 oontra
213 1334 336 1398 eundem,
349 1334 496 1404 insequenti
506 1350 584 1399 anno,
598 1330 733 1407 [moult]
743 1332 858 1403 Spurius
866 1336 915 1389 Po·

116 1409 231 1493 stumius
240 1408 355 1493 ¹Albinus
369 1406 498 1493 proiectus
511 1415 560 1461 est.
599 1410 624 1460 ls
637 1424 744 1492 quoqne
752 1424 800 1478 per
809 1405 914 1463 fratrom

117 1481 781 1619 ¹ss⁰tl¹t¹⁰t⁰Mt³littdltttt‘t‘aan
795 1554 914 1609 amia

116 1627 217 1691 consul,
231 1595 266 1702 [l.
276 1646 302 1681 n.
314 1595 374 1699 tte]
386 1627 528 1680 exercitum
538 1595 637 1699 ingenti
647 1628 783 1683 severitate
791 1636 817 1682 et
825 1628 914 1683 mode·

116 1701 215 1755 ratione
228 1708 385 1763 correctum,
407 1717 469 1754 oum
482 1699 548 1754 nihil
566 1701 592 1754 in
607 1719 761 1773 quenquam
774 1710 912 1757 cruentum

116 1773 217 1839 laoeret,
230 1775 262 1828 ad
272 1773 439 1844 disciplinam
451 1776 595 1828 Romanam
604 1776 718 1829 reduxit.
757 1777 912 1849 Iugurtham

116 1847 761 1977 ‘'titt“ttlltllt„lllllMlttMt
778 1850 911 1979 “llll

116 1939 169 2048 Eup]
184 1995 252 2050 bello
267 1997 346 2049 finem
360 1939 494 2066 plositurus
507 2004 585 2060 esset,
602 1941 751 2051 suooissuz
763 1965 806 2051 est
816 1998 841 2053 oi
850 1940 913 2053 (ingl

115 2070 205 2123 Mario.
244 2072 270 2124 ls
282 2071 437 2142 Iugurtham
450 2077 475 2124 et
483 2070 622 2134 Bocchum,
634 2071 805 2126 Mauritaniae
814 2088 912 2146 legem,

115 2144 164 2214 qui
174 2143 450 2217 auxiliumlugurthae
459 2143 525 2198 lei-re
533 2152 657 2215 ooeperat,
663 2146 760 2216 pariter
768 2146 913 2217 superavit.

116 2217 258 2289 Aliquanta
272 2226 297 2272 ot
311 2218 367 2289 ipse
380 2218 475 2290 oppida
485 2217 625 2273 Numidiae
634 2220 716 2291 oepit,
732 2218 854 2292 belloque
863 2228 916 2275 ten-

116 2293 220 2419 ppinuip
240 2292 341 2420 pospipl,
362 2301 436 2378 oepto
454 2292 642 2379 Iugurthaper
655 2301 819 2422 quaoztorom
833 2310 915 2349 sunm

117 2383 286 2513 utilite,
301 2374 725 2515 tuttattltmplgtttat‘
744 2368 916 2499 Mlttlt

116 2513 219 2577 Silano,
231 2514 328 2587 oollega
338 2514 370 2580 Q.
382 2513 491 2579 Metelli,
504 2512 540 2589 [i.
550 2533 576 2569 n.
587 2511 649 2588 ott]
660 2513 762 2569 Cimbri
773 2515 800 2569 in
811 2514 912 2581 Gallim

117 2596 141 2641 et
156 2606 170 2641 a
186 2589 302 2643 Minucio
314 2586 382 2643 Rufo
393 2585 429 2663 [A.
440 2607 466 2644 n.
478 2584 539 2662 tte]
555 2587 583 2643 in
592 2588 741 2645 Maoedonia
751 2589 881 2645 Soordisoi
889 2596 915 2645 ot
