1906 3330
361 571 476 616 LIBER
494 572 540 618 IX.
819 568 852 620 75

55 669 174 724 rentibus
192 685 253 723 eum
272 669 402 726 militibus
416 671 486 736 suis,
505 688 566 724 cum
586 671 640 725 lilio
655 670 742 724 adbuc
755 688 850 742 puero,

55 760 116 798 cum
127 761 181 815 quo
192 744 363 814 imperaverat
371 745 482 799 triennio
492 753 517 798 et
525 745 616 815 paucis
626 745 729 799 diebus.

110 843 180 898 Cae.
202 845 234 896 11.
255 844 343 897 Postea
363 851 413 897 tres
431 843 511 898 simul
526 844 638 917 Augusti
657 843 775 909 luerunt,
794 846 852 900 Pu-

57 935 174 981 rrauus,
198 918 346 972 Beterras
365 927 389 971 et
408 917 600 973 Germanus:
631 918 684 972 duo
706 919 851 988 superiores

55 990 358 1062 obsorrrissimogener03
379 990 528 1046 Gordianus
538 992 648 1059 nobilis;
667 993 766 1063 quippe
776 996 851 1046 cuius

12 1083 14 1089 ’
55 1072 141 1136 pater,
158 1064 416 1129 senionGordianus,
433 1083 561 1120 consensu
572 1066 701 1131 militum,
718 1083 778 1120 cum
791 1083 852 1137 pro-

56 1138 221 1194 consulatum
230 1139 331 1192 Alricae
340 1148 438 1211 ageret,
453 1140 597 1193 Maximino
608 1141 763 1209 imperante,
779 1140 851 1209 prin-

56 1230 117 1284 ceps
140 1212 232 1266 luisset
254 1212 360 1266 electus.
399 1215 489 1285 ltaque
511 1231 572 1267 cum
595 1215 704 1267 Romam
727 1215 850 1277 venisset,

56 1287 182 1342 Balbinus
200 1295 225 1340 et
242 1287 375 1358 Pupienus
395 1287 421 1340 in
443 1287 537 1357 palatio
557 1285 681 1341 interfecti
701 1295 776 1354 sunt;
802 1287 851 1342 soli

57 1361 189 1416 Gordiano
204 1361 344 1432 imperium
358 1369 528 1414 reservatum.
545 1359 578 1433 [a.
590 1379 614 1414 c.
626 1381 648 1414 u.
661 1359 721 1434 238]
742 1360 853 1415 Gordia-

57 1453 108 1490 nus
118 1435 260 1489 admodum
270 1452 344 1506 puer,
358 1452 418 1487 cum
430 1434 640 1506 Tranquillinam
653 1436 749 1488 Romae
759 1434 853 1489 duxis-

56 1517 95 1564 set
108 1525 232 1573 uxorem,
249 1510 342 1562 lanum
358 1509 496 1581 geminum
510 1509 624 1579 aperuit,
641 1508 712 1562 etad
726 1509 852 1563 orientem

56 1581 199 1655 profectus,
211 1580 245 1656 [a.
255 1600 280 1636 c.
291 1602 317 1636 n.
328 1581 389 1656 utu]
403 1584 505 1638 Parthis
515 1582 614 1636 bellum
625 1583 726 1647 intulit,
736 1584 787 1654 'qui
798 1584 852 1637 iam

56 1656 231 1712 moliebantur
255 1674 400 1727 erumpere.
439 1656 515 1722 Quod
534 1656 643 1728 quidem
663 1675 726 1711 mox
745 1657 853 1712 feciliter

29 1740 32 1744 ’
55 1731 150 1804 gessit,
170 1729 328 1802 proeliisque
346 1730 498 1804 ingentibus
512 1732 603 1784 Persas
622 1730 724 1784 alllixit.
746 1729 778 1804 [a.
789 1749 814 1785 c.
826 1751 851 1784 u.

56 1802 118 1878 att]
138 1805 250 1858 Rediens
263 1804 335 1858 haud
349 1803 425 1877 longe
435 1824 449 1859 a
460 1805 584 1858 Romanis
595 1804 694 1858 finibus
704 1803 853 1879 interfectus

55 1887 95 1934 est
108 1878 198 1932 fraude
211 1878 341 1949 Philippi,
357 1881 403 1950 qm
417 1889 475 1949 post
485 1896 545 1933 eum
557 1878 702 1949 imperavit.
743 1877 818 1932 Miles
828 1878 852 1931 ei

56 1952 190 2007 tumulum
205 1953 333 2024 vigesimo
348 1953 471 2007 milliario
484 1971 499 2007 a
512 1953 640 2016 Circess0‚
655 1951 726 2023 quod
737 1960 852 2006 castrum

56 2028 314 2082 nunoliomanorum
324 2035 375 2092 est,
390 2027 517 2099 Euphrati
529 2027 683 2090 imminens¹
696 2026 850 2091 aedificavit,

55 2101 195 2173 exsequias
205 2102 314 2155 Romam
325 2102 433 2166 revexit,
449 2102 536 2172 ipsum
549 2101 642 2155 divum
655 2100 805 2172 appellavit.

111 2209 180 2264 Car.
197 2209 241 2262 lll.
261 2210 396 2262 Purnrarr
416 2208 482 2273 duo,
500 2208 571 2262 lilius
581 2226 611 2262 ao
621 2216 704 2279 pater,
721 2208 853 2263 Gordiano

55 2282 153 2346 occiso,
168 2282 309 2353 imperium
320 2282 485 2345 invaserunt,
500 2291 590 2352 atque,
601 2283 715 2335 exercitu
726 2281 851 2335 incolumi

56 2357 170 2420 reducto,
181 2355 214 2410 ad
226 2355 324 2410 ltaliam
333 2374 348 2409 e
357 2356 432 2429 Syria
443 2355 548 2427 proiecti
559 2365 630 2409 sunt.
663 2356 710 2409 His
720 2356 853 2426 imperan-

55 2431 128 2484 tibus
142 2429 299 2484 millesimns
314 2431 510 2487 annusullomae
525 2431 598 2483 urbis
613 2430 712 2502 ingenti
729 2429 852 2483 ludorum

56 2513 182 2576 apparatu
191 2503 451 2575 spectaculorumque
460 2504 603 2557 celebratus
614 2512 661 2557 est.
674 2502 707 2578 [a.
719 2522 743 2558 c.
754 2523 779 2557 u.
791 2501 852 2577 tte]

57 2578 142 2632 Ambo
155 2577 250 2631 deinde
258 2578 292 2632 ab
300 2578 415 2631 exercitu
426 2576 549 2632 interlecti
560 2585 635 2631 sunt:
656 2580 742 2632 senior
754 2577 853 2647 Philip-

57 2669 108 2722 pus
118 2653 248 2715 Veronae,
264 2653 360 2705 Romae
374 2651 470 2705 iunior.
509 2651 594 2704 Annis
606 2651 727 2723 quinque
741 2652 853 2721 impera-

58 2733 161 2779 verunt.
199 2726 268 2779 luter
277 2726 353 2779 divos
361 2733 447 2778 tamen
458 2724 530 2778 relati
541 2732 613 2779 sunt.

113 2814 181 2869 Car.
202 2816 245 2870 lV.
266 2816 326 2868 Post
340 2814 387 2868 hos
406 2816 519 2869 Dacius
537 2832 552 2868 e
570 2814 701 2868 Pannonia
722 2812 850 2874 inferiore,

57 2886 182 2944 budaliae
190 2896 275 2953 natus,
288 2889 429 2959 imperium
440 2888 544 2942 sumsit.
572 2887 673 2942 Bellum
683 2886 769 2949 civile,
782 2885 853 2956 quod

58 2964 86 3017 in
98 2961 183 3016 Gallia
192 2971 292 3016 motum
302 2962 397 3027 fuerat,
413 2963 550 3034 oppressit.
590 2961 688 3015 Filium
699 2977 778 3013 suum
790 2959 854 3013 Cae-

56 3034 220 3097 saremlecit.
241 3038 337 3091 Romae
346 3036 479 3092 lavacrum
490 3036 637 3091 aedificavit
669 3035 738 3089 Cum
747 3033 854 3088 biennio
