1906 3330
83 193 116 246 dl
384 197 576 245 EUTROPII

84 299 170 353 batur.
183 293 315 372 [nudus]
325 298 396 369 Ergo
404 297 506 352 turbata
516 295 649 367 republica
658 294 742 351 multa
752 296 796 352 An

83 372 179 427 scelera
190 371 364 435 committens,
376 380 492 426 asenatu
502 372 585 426 hostis
595 371 724 425 iudicatus
735 377 785 425 est.

85 447 118 501 ad
140 463 202 500 eum
221 445 430 516 persequendum
450 446 504 500 duo
522 445 605 500 Coss.
624 446 709 499 Pansa
728 453 753 498 et
772 445 797 498 H

86 520 122 594 [e.
137 539 162 574 u.
178 517 238 592 lou]
256 527 281 572 et
294 518 452 573 Octavianus
467 519 628 584 adolescens,
647 535 731 573 annos
746 519 773 571 X
787 534 798 573 e

85 601 177 656 natus,
199 592 315 646 Caesaris
331 611 423 664 nepos,
440 611 520 663 quem
536 593 579 647 ille
592 600 744 647 testamento
760 591 796 646 he

86 667 238 737 reliquerat,
255 675 279 720 et
289 684 383 722 nomen
393 684 473 721 suum
486 667 552 721 ferre
562 668 680 722 iusserat.
720 666 768 719 llic
777 684 798 721 e*

85 748 174 813 postea
188 740 325 812 Augustus
340 749 378 795 est
392 741 490 805 dictus,
511 748 536 794 et
550 758 636 795 rerum
651 740 759 812 petitus.

86 813 192 887 profecti
212 823 301 869 eontra
319 816 464 869 Antonium
486 824 537 868 tres
555 814 649 878 duces,
673 815 794 868 vicerunt

86 889 181 945 Evenit
202 897 304 954 tamen,
327 897 356 942 ut
375 891 484 943 victores
508 889 591 943 Coss.
612 888 690 942 ambo
712 905 798 942 morer

87 964 173 1030 Quare
182 971 234 1016 tres
242 963 370 1016 exercitus
380 964 428 1017 uni
438 963 540 1017 Caesari
553 962 672 1034 Augusto
681 979 797 1034 parueru

142 1038 211 1091 Cur.
227 1037 261 1088 Π.
281 1036 399 1107 Fugatus
414 1036 557 1101 Antonius,
573 1037 670 1090 amisso
680 1037 796 1090 exercitu

87 1110 157 1182 fugit
171 1108 204 1162 ad
218 1108 361 1178 Lepidum,
378 1110 426 1180 qui
440 1109 556 1164 Caesaris
566 1111 690 1183 magister
699 1110 798 1182 equitur

89 1190 141 1247 rat,
160 1189 184 1235 et
204 1188 266 1235 tunc
284 1183 371 1254 copias
392 1183 506 1237 militurn
526 1185 638 1258 grandes
655 1185 780 1252 habebat3

89 1264 226 1328 susceptus
240 1263 288 1311 est.
326 1258 388 1312 Mox
398 1258 496 1328 Lepido
505 1276 611 1330 operam
621 1259 707 1324 dante,
722 1257 798 1313 Caesa

89 1331 202 1386 Antonio
221 1348 312 1403 pacem
332 1330 403 1397 lecit,
422 1339 447 1386 et
463 1333 540 1404 quasi
556 1333 737 1387 vindicaturus
752 1339 798 1404 pat]

89 1414 214 1470 mertem,
229 1424 243 1459 a
258 1423 312 1477 quo
325 1423 371 1477 per
386 1413 568 1461 testamentum
578 1406 661 1461 fuerat
673 1407 798 1477 adoptatu

89 1498 162 1535 mam
172 1497 233 1533 cum
245 1481 358 1533 exercitu
368 1479 512 1550 proiectus,
524 1481 643 1546 extersit,
655 1489 684 1535 ut
694 1481 746 1536 sibi
756 1480 798 1534 Xl

90 1553 241 1608 consulatus
252 1553 366 1608 daretur.
399 1552 524 1608 Senatum
533 1555 694 1626 proscripsit,
705 1553 798 1609 eumd

90 1636 115 1681 et
130 1626 241 1696 Lepide,
262 1634 287 1679 et
306 1626 496 1698 rempublicam
515 1630 595 1683 armis
611 1637 696 1684 tenere
709 1629 798 1701 coepit,

90 1701 139 1755 hos
156 1700 241 1826 leriam
266 1699 354 1755 Cicero
377 1709 462 1756 orator
485 1703 586 1758 occisus
609 1712 662 1769 est,
689 1702 798 1775 multiqr

92 1774 203 1829 nobles.

147 1848 215 1904 Car.
231 1849 276 1902 lll.
297 1847 348 1922 (ll.)
368 1851 466 1905 Interea
476 1853 571 1906 Brutus
581 1860 607 1905 el
615 1851 731 1917 Cassius,
744 1851 798 1905 inte

91 1940 133 1977 res
152 1923 283 1988 Caesaris,
305 1924 398 1996 ingens
420 1925 519 1979 bellum
541 1935 693 1981 moverunt:
724 1923 797 1999 [mu

92 2003 165 2050 eraut
174 1998 245 2050 enim
255 2016 301 2068 per
306 1999 483 2054 Macedoniam
493 2001 653 2054 elllrientem
665 1998 742 2054 multi
750 2017 797 2053 exe

92 2087 160 2140 quos
178 2081 375 2141 occupaverant.
416 2073 522 2130 Profecti
544 2074 623 2147 igilur
636 2082 725 2129 contra
740 2091 784 2128 eos

92 2143 251 2198 Octavianus
267 2145 404 2218 Augustus
416 2156 441 2201 et
454 2151 490 2202 M.
502 2149 631 2203 Antonius
642 2148 798 2220 (remansere

92 2217 125 2272 ad
140 2217 328 2273 defendendam
345 2221 443 2275 ltaliam
458 2222 581 2295 Lepidus)
594 2222 665 2293 apud
675 2222 797 2294 Philippo

92 2292 421 2358 cedoniaeurbem,ccntra
431 2314 474 2350 eos
483 2304 677 2370 pugnaverunt.
697 2297 787 2351 Primo
794 2314 798 2368 1

93 2368 155 2420 vicli
171 2375 233 2421 sunt
242 2369 372 2422 Antonius
382 2378 407 2422 et
416 2370 523 2437 Caesam
545 2371 621 2441 periit
633 2380 719 2424 tamen
730 2371 787 2426 dux

93 2442 278 2497 tatisCassius:
299 2443 414 2498 secundo
423 2446 533 2499 Brutum
543 2453 567 2498 el
578 2445 707 2498 infinitam
719 2445 798 2500 nobili

92 2532 234 2586 quaecum
250 2516 302 2569 illis
318 2517 416 2571 bellum
434 2527 560 2592 gesserat,
582 2520 677 2572 victam
697 2519 798 2574 interle<

93 2591 130 2642 Αο
143 2591 181 2644 sic
194 2591 261 2645 inter
274 2608 318 2645 eos
332 2592 418 2646 divisa
433 2603 472 2647 est
484 2592 644 2664 respublica,
661 2600 690 2646 ut
699 2597 798 2667 Augus*

92 2664 214 2734 spanias,
239 2665 338 2721 Gallias
357 2675 383 2722 et
395 2667 496 2722 ltaliam
515 2673 624 2722 amerus
645 2666 798 2724 Antoniusr
