1906 3330
86 199 120 257 tt
139 217 141 220 ⁴
385 205 574 252 sornorn

87 304 240 360 Hannibalis
258 306 384 370 adventu,
407 323 441 361 ex
459 303 545 362 Sicilia
565 303 707 359 exercitum
725 303 878 362 Ariminum

87 380 194 433 traiecit.

141 453 210 508 Car.
235 454 283 506 IX.
308 454 337 509 P.
357 453 492 508 Cornelius
510 453 598 524 Scipio
617 452 755 507 Hannibali
773 453 879 524 primus

87 528 210 593 occurrit3
232 527 371 582 commisso
381 528 491 599 proelio,
503 528 598 601 iugatis
608 528 677 592 suis,
691 528 745 598 ipse
756 527 879 583 vulnera·

86 609 129 654 tus
143 601 170 654 in
181 608 262 654 castra
273 602 357 656 rediit.
396 603 564 674 Sempronius
575 601 706 656 Gracchus
717 609 741 655 et
751 602 806 673 ipse
815 618 879 657 oon·

86 673 153 747 tigit
178 676 248 746 apud
273 677 392 731 Trebiam
417 695 531 732 amnem.
569 678 594 731 Is
619 693 725 748 quoqne
750 676 883 731 vincitur:

86 749 226 804 Hannibali
242 750 319 805 multi
333 769 360 805 se
375 752 402 805 in
416 751 487 806 Italia
502 750 666 806 dediderunt.
705 749 767 804 lnde
780 750 813 804 ad
823 752 878 804 Tu·

86 824 168 878 sciam
195 826 302 880 veniens
325 826 453 881 Hannibal
476 825 605 881 Flaminio
626 824 727 879 consuli
750 825 875 892 occurrit3

85 898 175 969 ipsum
194 900 355 954 Flaminium
373 900 510 955 interemit.
527 899 563 974 [a.
578 918 603 954 n.
619 895 678 972 tes]
699 899 878 954 Romanorum

85 972 163 1028 XXV
172 974 255 1028 millia
268 992 339 1027 caesa
349 982 419 1038 sunt,
432 975 505 1028 ceteri
516 973 684 1046 diffugerunt.
723 973 820 1027 Missus
830 972 877 1027 ad·

87 1065 179 1102 versus
192 1048 362 1102 Hannibalem
377 1056 462 1118 postea
476 1066 491 1102 a
505 1047 627 1102 Romanis
641 1045 673 1113 Q.
684 1047 782 1102 Fabius
792 1047 878 1103 Maxi-

86 1138 157 1176 mus.
196 1124 221 1175 ls
236 1139 310 1186 eum,
326 1121 467 1175 differendo
480 1139 611 1195 pugnam,
627 1121 661 1175 ab
674 1121 774 1193 impetn
784 1120 873 1196 lregit3

86 1212 148 1249 mox
159 1195 264 1250 inventa
274 1196 405 1250 occasione
416 1196 487 1251 vicit.

140 1269 209 1324 Car.
224 1271 260 1324 X.
275 1270 326 1342 (V.)
343 1268 590 1398 Quinpentesimoet
600 1269 877 1343 quadragesimorum

86 1344 213 1398 acondita
222 1345 288 1399 urbe
297 1346 328 1399 L.
341 1344 416 1399 Aemi
429 1346 470 1400 ius
480 1345 599 1410 Paullus,
612 1346 641 1399 P.
652 1345 786 1399 Terentius
796 1345 877 1401 Varro

85 1429 172 1472 contra
183 1419 353 1475 Hannibalem
363 1420 511 1485 mittuntur,
517 1420 651 1492 Fabioque
659 1418 814 1488 succedunt3
828 1420 877 1492 qui

85 1494 184 1547 Fabius
200 1495 290 1549 ambos
303 1495 385 1549 Coss.
399 1495 514 1560 monuit,
527 1504 556 1549 ut
565 1493 750 1559 Hannibalem,
761 1493 877 1549 calidum

85 1575 110 1621 et
132 1569 308 1638 impatientem
326 1568 434 1631 ducem,
461 1586 513 1623 non
532 1567 605 1622 aliter
624 1568 769 1632 vincerent,
795 1585 877 1641 quam

86 1641 213 1713 proelium
224 1641 373 1696 differendo.
407 1643 504 1698 Verum
514 1659 575 1697 cum
586 1642 744 1714 impatientia
755 1643 877 1699 Varronis

85 1716 213 1781 consulis,
229 1716 416 1771 contradicente
426 1716 532 1771 consule
540 1716 627 1781 altaro,
639 1716 709 1788 apud
718 1717 817 1783 vicum,
828 1718 878 1790 qui

86 1791 190 1845 Cannae
209 1790 366 1862 appellatur,
388 1791 415 1845 in
429 1791 524 1864 Apulia
539 1801 685 1865 pugnatum
700 1800 778 1856 esset,
799 1793 878 1847 ambo

85 1864 168 1919 Coss.
189 1866 222 1919 ab
231 1865 374 1920 Hannibale
384 1866 535 1922 vincuntur.
573 1869 739 1940 lneapugna
749 1869 784 1922 111
794 1866 878 1921 millia

85 1938 207 1993 Afrorum
222 1948 344 2011 pereunt,
365 1958 460 2014 magna
475 1959 535 2013 pars
549 1941 582 1996 de
595 1942 708 1997 exercitu
723 1940 878 1997 Hannibalis

85 2016 230 2082 sauciatum
253 2015 325 2070 nullo
342 2023 427 2070 umen
447 2018 545 2072 Punico
561 2017 630 2072 bello
644 2016 753 2072 Romani
768 2016 878 2089 gravius

85 2088 179 2159 accepti
195 2096 266 2143 sunt.
306 2090 384 2144 Periit
397 2091 468 2145 enim
482 2092 508 2146 in
519 2109 550 2146 eo
559 2090 686 2146 Aemilius
698 2090 806 2147 Paullus
815 2108 878 2146 eon-

85 2161 140 2226 sul,
162 2162 310 2217 consulares
330 2174 375 2219 ant
388 2166 507 2237 praetorii
521 2166 587 2233 XX,
607 2174 736 2221 senatores
751 2166 817 2237 capti
832 2173 880 2221 aut

84 2237 161 2291 occisi
173 2238 261 2302 XXX,
274 2240 373 2293 nobiles
384 2241 434 2294 viri
444 2240 635 2305 cccmilitnm
647 2241 693 2295 XL
703 2239 880 2313 millinequi·

85 2320 142 2365 tum
163 2314 196 2367 Hl
215 2312 297 2368 millia
317 2323 342 2369 et
360 2315 507 2387 quingenti.
546 2316 575 2369 ln
594 2315 693 2386 quibus
710 2314 786 2369 malis
801 2331 874 2370 neme

85 2393 171 2441 tamen
191 2389 365 2443 Romanorum
383 2390 455 2460 pacis
474 2388 631 2444 mentionem
645 2388 740 2444 habere
753 2389 852 2463 dignaty

85 2470 132 2588 pst.
172 2462 257 2527 Servi,
273 2464 343 2535 quod
355 2480 492 2534 nunquam
502 2472 568 2527 ante,
580 2464 737 2517 manumissi
747 2472 771 2518 ct
781 2464 836 2518 mil'

97 2537 145 2590 aeti
156 2546 226 2591 sunt.

141 2611 209 2666 Car.
231 2612 278 2664 Xl.
299 2611 362 2682 (Vl.)
382 2611 441 2664 Post
459 2627 516 2664 eam
534 2626 652 2683 pugnam
672 2611 768 2666 multae
790 2612 800 2665 l

86 2685 215 2750 civitates,
231 2702 299 2756 quae
313 2684 436 2739 Romanis
449 2692 600 2757 paruerant,
616 2702 645 2740 se
658 2685 692 2740 ad
705 2686 800 2741 Hannil
