1906 3330
85 88 117 140 56
406 92 597 140 EUTROPII

84 199 157 264 patra
169 191 220 246 sibi
230 191 347 263 aspidem
359 191 473 258 admisit,
485 200 511 247 et
520 209 621 248 veneno
631 192 688 247 eius
697 192 822 250 exstincta

84 267 221 340 Aegyptus
235 285 281 337 per
295 266 468 321 Octavianum
481 266 633 339 Augustum
647 267 758 337 imperio
768 269 822 323 Ron

84 340 182 396 adiecta
201 348 252 405 est,
275 340 491 412 praepositusque
509 341 533 394 ei
553 341 602 395 Cn.
624 340 761 396 Cornelius
781 342 821 397 Ga

84 415 160 470 Hune
169 415 287 486 primum
296 416 432 487 Aegyptus
442 416 590 469 Romanum
601 415 714 468 iudioem
724 415 821 471 habuit

140 488 209 543 Car.
222 489 290 544 VIII.
311 490 347 541 ita
359 488 434 541 bellis
445 496 496 542 toto
506 489 568 542 orbe
577 488 708 553 uenientis,
729 488 822 545 Ocra*

85 581 138 618 uns
156 561 313 617 Annusrus
332 562 546 626 Itomamrediit,
563 563 613 616 XII
623 580 705 628 anno,
722 573 822 634 quami

85 634 178 690 iuerat.
195 634 230 710 [Δ.
242 655 267 691 υ.
279 634 340 710 ῖ23.]
360 637 441 691 Exeo
453 636 643 706 rempublicam
654 655 701 706 per
711 637 822 712 quadras

85 718 109 763 et
124 718 236 781 quatuor
252 728 334 765 annos
344 710 416 764 solus
426 711 549 764 obtinuit.
588 710 655 764 Ante
665 713 736 764 enim
746 712 798 764 XII
807 729 822 765 a

85 801 148 838 oum
162 784 275 840 Antonio
288 793 313 838 et
326 784 424 854 Lepido
438 792 564 838 tenuerat.
604 785 640 838 ita
654 785 688 838 ab
702 785 777 838 initio
786 803 822 855 pr:

83 868 161 930 patus
174 859 232 913 eius
247 875 333 928 usque
346 858 379 911 ad
394 858 472 912 finem
483 859 538 912 LVi
549 859 610 912 anni
623 857 703 912 fuere.
742 858 794 930 (X.)
814 860 822 912 i

86 941 173 986 autem
183 933 294 987 LXXVI
304 948 382 995 anno,
395 929 430 1003 [a.
442 951 467 986 u.
481 929 541 1004 tte]
551 940 633 986 morte
642 933 787 997 communi,
800 933 822 986 ir

85 1006 147 1077 pido
161 1005 319 1075 Campaniae
333 1004 429 1072 Atella3
451 1005 547 1058 Itomae
558 1009 585 1060 in
593 1023 685 1076 campo
695 1007 788 1060 Martio
796 1023 822 1059 se

86 1088 129 1133 tus
147 1086 199 1132 est:
220 1079 275 1142 vir,
296 1078 344 1149 qui
363 1095 413 1133 non
431 1079 560 1134 immerito
574 1098 606 1134 ex
621 1080 736 1134 maxima
751 1088 822 1149 parte

85 1151 182 1206 similis
194 1161 234 1206 est
247 1161 364 1223 putatus.
403 1153 494 1225 Neque
508 1157 580 1208 enim
594 1153 668 1208 faoiie
681 1153 752 1208 nilus
763 1170 793 1208 eo
802 1172 822 1208 ar

85 1226 162 1280 bellis
172 1225 270 1281 felicior
279 1225 338 1292 suit,
350 1234 395 1281 aut
406 1227 431 1282 in
442 1244 504 1298 pace
515 1228 678 1283 moderatior.
702 1229 786 1284 XLIV
796 1247 822 1282 ar

85 1301 186 1373 quibus
209 1297 285 1357 setus
300 1302 381 1374 gessit
400 1302 555 1372 imperium,
575 1302 729 1356 civilissime
747 1302 815 1357 vixit

85 1386 191 1431 cunctos
202 1374 413 1440 liberalissimus,
426 1376 453 1430 in
463 1378 560 1430 amieos
570 1376 729 1443 fidissimum
751 1394 818 1447 quos

85 1450 119 1505 tis
130 1451 216 1505 evexit
225 1450 379 1515 bonoribus,
391 1459 421 1503 ut
432 1467 514 1521 paene
523 1458 644 1521 aequaret
657 1450 759 1523 fastigio
768 1469 818 1505 suo

140 1526 210 1580 Car.
230 1524 279 1578 IX.
300 1524 380 1578 Nullo
392 1530 556 1595 temporeres
565 1525 681 1579 Romana
692 1525 777 1598 magis
787 1524 822 1580 iio

85 1600 153 1654 Nam
168 1597 283 1669 exeeptis
295 1597 419 1652 civilibus
432 1598 522 1664 bellis,
539 1599 566 1652 in
582 1600 682 1670 quibus
697 1600 812 1652 invictus

85 1674 204 1728 Romano
218 1671 311 1726 adiecit
326 1672 435 1743 imperio
448 1676 611 1747 Aegyptum,
629 1672 809 1737 Cantabriam,

86 1749 204 1811 matiam,
219 1764 296 1817 saepe
306 1754 364 1800 ante
375 1747 478 1813 vietam,
490 1749 536 1802 sed
546 1748 651 1818 penitus
661 1756 724 1801 tune
733 1747 822 1800 subaet

84 1822 262 1886 Pannoniam,
273 1821 456 1892 Aquitaniam,
469 1822 617 1895 Illyricum,
630 1821 754 1885 Raetiam,
768 1820 822 1874 Vin·

85 1911 141 1960 eos,
161 1904 187 1950 et
204 1894 321 1950 Salassos
341 1897 368 1950 in
388 1896 514 1966 Alpibus3
537 1914 628 1950 omnes
645 1896 719 1950 Ponti
739 1895 822 1948 mariti

84 1970 220 2024 civitates:
251 1970 279 2023 in
301 1969 343 2023 his
363 1971 541 2024 nobilissimas
559 1971 703 2041 Bosporum
724 1977 749 2022 et
768 1970 822 2022 Pan

84 2059 178 2113 paeon.
217 2044 286 2099 Vicit
300 2051 386 2097 nutem
402 2044 507 2114 proeliis
521 2046 614 2111 Dacos,
637 2045 822 2098 Germanorum

84 2127 174 2188 gentes
184 2117 272 2187 copias
281 2117 386 2183 oeeidit3
403 2118 473 2189 ipsos
483 2135 589 2188 quoque
600 2114 822 2171 transbibimssnr

84 2192 234 2254 submovit,
254 2191 301 2260 qui
322 2191 349 2244 in
369 2191 504 2245 barbarice
523 2191 598 2263 longe
613 2192 680 2245 ultra
693 2191 817 2245 Rhenum

35 2282 57 2298 ⁸
84 2264 139 2319 Hoo
151 2276 238 2319 tamen
251 2263 352 2317 beilum
363 2281 409 2334 per
418 2266 533 2318 Drusum
543 2266 697 2337 privignum
709 2281 789 2318 suum
800 2281 822 2318 aa

84 2339 215 2397 nistravit.
230 2338 298 2392 siout
309 2355 356 2408 per
366 2338 509 2403 Tiberium,
521 2340 674 2411 privignum
685 2338 805 2402 alterum,
818 2338 822 2391 i

85 2416 221 2477 nonioum,
234 2429 289 2483 quo
297 2411 367 2467 bello
376 2412 423 2465 XL
435 2412 518 2466 miliia
528 2414 691 2483 captivorum
701 2430 733 2466 ex
744 2411 822 2467 Germ

84 2487 230 2552 transtulit,
245 2494 269 2541 et
286 2504 366 2557 supra
385 2486 470 2557 ripam
490 2487 574 2541 Rheni
595 2489 622 2542 in
642 2487 727 2541 Gallia
740 2485 822 2540 eolioe

84 2559 239 2617 Armeniam
249 2561 371 2617 aPartbis
380 2562 488 2634 reoepit:
503 2560 703 2637 obsides,(quod
713 2559 781 2618 nulli
791 2578 822 2616 an
