1906 3330
81 146 113 200 2⁰
381 151 571 199 EUTROPII

81 253 89 307 l
123 261 177 310 atos
190 254 223 309 ad
232 252 422 318 Ptolemaeum,
438 253 459 307 Α
532 251 550 305 ti
560 267 661 325 regem,
671 250 814 317 miserunt,
825 267 859 308 au

80 271 144 384 xeipia
155 328 344 401 promittentes,
359 326 422 399 quia
432 344 478 381 rex
508 326 578 400 yrias
587 325 731 381 Antiochus
739 326 763 380 ei
772 324 859 382 bellun

80 403 211 458 intulerat.
249 401 295 457 Ille
310 401 407 475 gratias
416 401 540 456 Romanis
552 400 619 474 egit,
631 400 730 455 auxilia
739 417 791 454 non
801 417 859 456 aooe

80 479 132 549 pit3
154 475 625 551 iamenimiueratpugnatransacta.
651 473 749 531 Eodem
759 482 859 547 tempor

79 552 275 624 potentissimus
290 568 336 607 rex
350 550 452 606 Siciliae
466 551 542 605 Hiero
556 551 664 604 llomam
675 550 745 605 venit
753 548 786 604 ad
797 549 859 606 ludo

79 626 244 696 spectandos,
264 634 289 681 et
303 627 412 682 duoenta
427 625 510 681 millia
524 625 671 680 modiorum
685 624 762 678 tritici
776 624 859 697 popul

79 701 318 757 donumexhibuit.
606 710 608 724 '

134 799 203 855 Car.
223 803 256 856 ll.
276 802 307 857 L.
319 800 438 858 Cornelio
448 800 567 867 Lentulo,
578 799 673 856 Fulvio
682 799 773 856 Flaooo
788 799 859 856 Coss

80 871 117 949 [A.
132 895 157 931 n.
175 874 234 950 alm]
249 877 348 947 quibus
362 877 439 931 Hiero
453 877 563 931 Romam
580 882 697 940 venerat,
715 875 793 929 etiam
812 892 860 930 oon

80 958 118 1004 tra
131 950 242 1023 Ligures
255 951 322 1005 intra
337 950 437 1005 ltaliam
451 950 551 1005 bellum
564 957 668 1023 gestum
682 959 734 1015 est,
750 958 775 1004 et
789 948 821 1004 de
832 950 859 1004 lri

80 1025 280 1095 triumphatum.
319 1024 546 1097 Carthaginienses
564 1033 621 1078 tum
638 1024 736 1079 bellum
756 1041 859 1096 reparer

80 1099 225 1162 tentabant,
246 1097 439 1164 Sardiniensas,
459 1099 507 1171 qui
526 1115 559 1154 ex
577 1098 723 1155 conditione
737 1100 808 1171 pacis
824 1099 859 1156 Ro

79 1172 166 1226 manis
185 1189 274 1244 parere
293 1173 433 1237 debebant,
455 1173 488 1228 ad
506 1172 686 1228 rebellandum
701 1173 859 1246 impellentes

80 1247 157 1302 Venit
166 1255 251 1302 tamen
263 1246 616 1323 legatioCarthagiuiensium
624 1249 743 1313 Romam,
750 1256 774 1302 et
782 1266 859 1320 paoen

80 1321 237 1393 impetravit.

134 1413 203 1469 Car.
217 1415 261 1468 lll.
272 1414 303 1468 T.
314 1412 412 1468 Manlio
421 1414 559 1486 Torquato,
568 1413 598 1469 C.
609 1412 687 1469 Atilio
695 1414 779 1469 Bulbo
789 1417 856 1470 Cosa

80 1483 116 1615 pn.
127 1507 152 1543 n.
165 1485 225 1562 eth]
236 1488 268 1541 de
277 1487 366 1543 Sardis
375 1489 566 1559 triumphatum
576 1496 622 1552 est,
633 1497 667 1552 et,
679 1506 740 1559 pace
749 1489 849 1545 omnib}

90 1563 143 1616 ocis
158 1561 235 1625 lacta,
257 1564 367 1617 Romani
383 1561 488 1617 nullum
505 1561 605 1616 bellum
619 1562 780 1630 habuerunt;
802 1582 846 1636 qut

80 1636 123 1689 his
132 1646 190 1707 post
200 1638 309 1691 Romam
319 1637 450 1691 eonditam
460 1636 540 1691 semel
552 1644 661 1702 tantum,
673 1638 759 1692 Numa
769 1640 841 1712 Pomp

81 1708 116 1764 lio
126 1719 256 1783 regnante,
267 1711 419 1784 eontigerat.

134 1799 202 1855 Car.
233 1801 277 1856 1v.
307 1802 338 1856 L.
364 1801 514 1857 Postumius
536 1800 664 1868 Albinus,
688 1803 737 1858 Cn.
761 1803 830 1858 Fulv

80 1873 250 1931 Centumalus
269 1875 352 1931 Coss.
371 1874 407 1951 [a.
423 1896 449 1933 u.
464 1874 525 1951 tta]
544 1876 644 1932 bellum
663 1888 750 1932 eontra
769 1878 825 1952 illyr

79 1957 229 2021 gesserunt,
249 1959 274 2005 et
288 1951 379 2005 multis
392 1951 541 2006 civitatibus
556 1952 650 2024 captis,
666 1959 743 2006 etiam
803 1971 820 2007 e

80 2023 236 2078 deditionem
256 2035 418 2098 aooeperunt.
457 2027 496 2081 llo
513 2036 571 2081 tum
589 2026 706 2099 primum
724 1970 815 2100 darilir

80 2098 270 2171 triumphatum
280 2110 328 2155 est.
340 2099 376 2176 [Α.
386 2120 412 2157 u.
424 2098 484 2175 tlt]

134 2188 202 2244 Car.
223 2190 256 2246 V.
276 2191 328 2264 (ΙΙ.)
347 2193 378 2247 L.
393 2192 506 2248 Aemilio
519 2192 585 2249 Cos.
605 2192 723 2265 ingentes
737 2192 804 2248 Gall

79 2264 167 2336 oepiae
181 2263 259 2337 Alpes
272 2266 440 2322 transierunt.
458 2264 493 2342 [a.
505 2288 531 2323 u.
545 2264 604 2341 tte]
625 2267 675 2321 Sed
689 2285 735 2339 pro
749 2269 799 2322 Ror

81 2347 130 2394 tota
146 2339 217 2395 ltalia
232 2342 376 2407 oonsensit,
393 2341 570 2413 traditumque
579 2342 731 2396 estaFaliio
742 2343 793 2396 hist

80 2414 126 2484 qui
141 2415 163 2469 ei
177 2414 246 2471 bello
260 2416 388 2481 interluit,
399 2416 482 2472 DCCC
496 2415 579 2470 millia
592 2415 730 2470 hominum
742 2434 789 2488 par

80 2488 109 2542 td
124 2489 224 2544 bellum
238 2489 329 2546 luisse.
367 2490 418 2546 Sed
433 2508 473 2546 rea
486 2507 533 2562 per
549 2489 616 2544 Cos.
636 2498 738 2546 tantum
753 2508 784 2564 pr

79 2571 151 2635 gasts
160 2573 211 2631 est;
232 2564 279 2620 XL
291 2565 374 2620 millia
386 2565 502 2621 hostium
515 2562 644 2620 interiecta
655 2573 729 2632 sunt,
743 2574 768 2622 et

79 2637 150 2702 nnus
159 2638 271 2695 Aemilio
279 2640 409 2698 decretus.
