1906 3330
367 579 484 625 LIBER
505 580 552 625 IX.
830 575 861 626 83

59 678 238 750 caedibusque
257 676 379 731 foedavit.
418 679 456 733 Ea
475 687 561 734 tamen
579 677 713 732 occasione
732 678 864 732 ordinavit

60 753 171 825 provide
190 752 273 806 multa
288 759 314 806 et
328 751 470 823 disposuit3
492 771 561 824 quae
575 752 609 807 ad
623 752 864 807 nostrarnaetatem

62 835 181 883 manent.

117 902 185 957 Cas.
201 900 300 955 XXIV.
321 899 442 954 Galerius
452 902 631 956 Maximianus
641 901 727 972 primo
736 900 864 955 adversus

62 976 192 1030 Narseum
211 974 322 1027 minime
342 975 488 1029 secundum
509 976 640 1046 proelium
664 976 770 1039 habuit,
797 976 864 1029 inter

62 1049 221 1104 Callinicum
232 1048 377 1119 Carrasque
389 1065 559 1121 congressus,
576 1067 638 1103 cum
651 1049 798 1104 inconsulte
807 1067 864 1103 ma-

62 1124 118 1197 gis,
132 1140 215 1195 quam
229 1122 325 1194 ignave
339 1122 498 1177 dimicasset.
537 1122 689 1177 Admodum
702 1125 773 1176 enirn
782 1141 864 1194 parva

62 1215 144 1252 manu
154 1214 216 1251 cum
225 1195 406 1266 copiosissimo
416 1196 490 1250 hoste
498 1196 639 1250 commisit.
675 1196 772 1250 Pulsus
783 1198 865 1268 igitur

62 1279 88 1327 et
97 1271 132 1326 ad
139 1270 329 1325 Diocletianum
338 1268 478 1340 proiectus,
490 1271 584 1324 cumei
597 1270 624 1323 in
635 1269 727 1331 itinere
735 1272 865 1324 occurris-

63 1354 109 1411 set,
121 1352 193 1400 tanta
203 1343 341 1398 insolentia
351 1361 366 1397 a
376 1342 534 1398 Diocletiano
543 1343 625 1398 fertur
634 1352 767 1414 exceptus,
780 1353 809 1398 ut
818 1362 865 1415 per

63 1420 163 1492 aliquot
174 1435 304 1490 passuum
316 1417 400 1472 millia
414 1427 576 1490 purpuratus
585 1417 701 1472 tradatur
711 1418 745 1473 ad
756 1419 865 1474 vehicu-

63 1492 120 1549 lum
129 1492 286 1548 cucurrisse.
415 1527 429 1546 .

117 1568 188 1624 Cae.
208 1567 296 1622 XXV.
316 1567 378 1621 Mox
388 1574 475 1621 tamen
485 1584 531 1638 per
540 1567 677 1641 Illyricum
686 1568 865 1641 Messiamque

62 1642 200 1698 contractis
222 1641 319 1711 copiis,
341 1658 434 1695 rursus
454 1658 516 1695 curn
535 1642 647 1706 Narseo,
668 1642 821 1696 Hormisdae
840 1652 866 1696 et

63 1717 169 1788 Saporis
183 1732 245 1779 avo,
262 1717 290 1769 in
304 1713 429 1769 Armenia
443 1715 536 1768 maiori
548 1716 678 1787 pugnavit
687 1733 810 1770 successu
824 1717 866 1770 in-

62 1791 144 1864 genti,
152 1806 200 1845 noc
210 1788 579 1860 minoreoonsilio‚simulque
589 1787 752 1843 fortitudine:
765 1791 866 1860 quippe

63 1865 111 1936 qui
121 1865 200 1919 etiarn
210 1862 378 1934 speculatoris
387 1881 488 1917 munus
497 1880 559 1917 cum
570 1863 649 1916 altero
657 1880 687 1917 ac
696 1864 769 1917 tertio
778 1865 866 1934 equite

63 1938 216 2010 susceperit.
229 1935 262 2012 [a.
274 1955 299 1991 e.
309 1956 336 1991 ιι.
347 1935 409 2011 tte]
430 1937 509 1992 Pulso
521 1939 619 1991 Narseo
634 1944 716 1991 castra
731 1938 788 1991 eius
801 1938 867 1992 diri-

62 2014 135 2086 puit3
155 2029 265 2075 rexeras,
281 2028 395 2076 sorores,
411 2010 507 2066 llberos
521 2012 601 2082 cepit3
623 2011 754 2065 infinitam
767 2013 867 2068 extrin-

63 2105 139 2142 secus
148 2089 288 2142 Persarum
303 2085 478 2149 nobilitatem,
493 2103 586 2158 gazam
596 2086 727 2139 Persicam
740 2087 867 2157 copiosis·

64 2163 174 2216 simam:
196 2164 285 2231 ipsum
296 2163 324 2213 in
334 2159 441 2214 ultimas
454 2161 528 2231 regni
539 2159 694 2214 solitudines
704 2161 771 2232 egit,
784 2178 866 2231 quare

63 2236 98 2291 ad
112 2233 315 2298 Diocletianum,
331 2235 360 2288 in
376 2234 562 2304 Mesopotamia
576 2251 637 2288 cum
652 2234 789 2303 praesidiis
802 2242 868 2288 tunc

65 2317 225 2373 morantem,
240 2325 323 2363 ovans
336 2325 484 2381 regressus¹
502 2307 602 2381 ingenti
617 2308 715 2362 honore
729 2317 866 2378 susceptus

63 2393 113 2439 est.
133 2381 166 2458 [ι.
182 2401 204 2437 e.
219 2402 245 2437 ιι.
262 2380 323 2456 tae]
344 2383 422 2439 Varia
440 2382 563 2453 deinceps
581 2390 606 2436 et
624 2382 704 2435 simul
723 2391 748 2436 et
764 2383 865 2437 viritim

63 2458 134 2514 balla
147 2465 299 2530 gesserunt,
314 2457 406 2528 Carpis
418 2465 444 2511 et
455 2457 587 2511 Bastarnis
596 2456 725 2520 subactis,
740 2457 867 2511 Sarmatis

64 2533 155 2588 victis:
177 2549 291 2603 quarum
311 2532 448 2586 nationum
466 2538 585 2603 angentes
600 2531 763 2602 captivorum
778 2533 867 2602 copias

65 2607 94 2663 in
103 2607 229 2663 Romanis
241 2605 340 2660 linibus
351 2605 511 2660 locaverunt.

120 2682 191 2737 Car.
212 2681 311 2735 XXVI.
332 2680 423 2752 (xvl.)
445 2678 620 2734 Diocletianus
638 2687 754 2734 moratus
774 2678 868 2734 callida

65 2755 128 2821 luit,
145 2773 228 2829 sagax
241 2763 385 2826 praeterea,
401 2763 425 2809 et
435 2754 579 2809 admodum
591 2754 697 2808 subtilis
708 2755 826 2826 ingenio,
843 2762 869 2808 et

66 2831 114 2902 qui
137 2830 301 2884 severitatem
324 2847 401 2884 suam
421 2828 505 2883 aliana
529 2828 630 2883 invidia
654 2829 731 2883 vellet
752 2829 867 2898 explere.

66 2904 290 2978 Diligentissimus
311 2912 399 2958 nmen
421 2911 447 2958 at
466 2902 664 2957 sollertissimus
683 2903 818 2974 princeps:
844 2911 870 2956 et

65 2979 113 3051 qui
129 2977 240 3049 imperio
256 2978 374 3032 Romano
387 2979 490 3048 primus
505 2978 592 3049 regiae
604 2977 802 3031 consuetudinis
816 2976 870 3030 lor-

65 3070 139 3109 mam
149 3052 249 3126 magis,
261 3069 344 3124 quam
354 3052 486 3108 Romanae
495 3051 633 3116 libertatis„
642 3051 761 3106 invenite
778 3050 877 3103 adona-

630 3151 682 3196 Dl-
