<?xml version="1.0" encoding="UTF-8"?>
<!DOCTYPE html PUBLIC "-//W3C//DTD XHTML 1.0 Transitional//EN"
    "http://www.w3.org/TR/xhtml1/DTD/xhtml1-transitional.dtd">
<html xmlns="http://www.w3.org/1999/xhtml" xml:lang="en" lang="en">
 <head>
  <title>
</title>
<meta http-equiv="Content-Type" content="text/html;charset=utf-8" />
  <meta name='ocr-system' content='tesseract 3.04.00' />
  <meta name='ocr-capabilities' content='ocr_page ocr_carea ocr_par ocr_line ocrx_word'/>
</head>
<body>
  <div class='ocr_page' id='page_1' title='image "./eutropiibreviar01eutrgoog_0092.png"; bbox 0 0 1906 3330; ppageno 0'>
   <div class='ocr_carea' id='block_1_1' title="bbox 372 511 858 562">
    <p class='ocr_par' dir='ltr' id='par_1_1' title="bbox 372 511 858 562">
     <span class='ocr_line' id='line_1_1' title="bbox 372 511 858 562; baseline 0.002 -2"><span class='ocrx_word' id='word_1_1' title='bbox 372 513 488 560; x_wconf 86' lang='lat' dir='ltr'>LIBER</span> <span class='ocrx_word' id='word_1_2' title='bbox 505 515 551 561; x_wconf 86' lang='lat' dir='ltr'>IX.</span> <span class='ocrx_word' id='word_1_3' title='bbox 830 511 858 562; x_wconf 87' lang='lat' dir='ltr'>8l</span> 
     </span>
    </p>
   </div>
   <div class='ocr_carea' id='block_1_2' title="bbox 61 613 863 763">
    <p class='ocr_par' dir='ltr' id='par_1_2' title="bbox 61 613 863 763">
     <span class='ocr_line' id='line_1_2' title="bbox 63 613 862 686; baseline -0.001 -16"><span class='ocrx_word' id='word_1_4' title='bbox 63 614 104 670; x_wconf 87' lang='lat' dir='ltr'>vel</span> <span class='ocrx_word' id='word_1_5' title='bbox 125 613 176 669; x_wconf 91' lang='lat' dir='ltr'>levi</span> <span class='ocrx_word' id='word_1_6' title='bbox 195 613 345 686; x_wconf 81' lang='lat' dir='ltr'>fatigatione</span> <span class='ocrx_word' id='word_1_7' title='bbox 363 620 527 677; x_wconf 85' lang='lat' dir='ltr'>taxaverant,</span> <span class='ocrx_word' id='word_1_8' title='bbox 547 613 709 684; x_wconf 89' lang='lat' dir='ltr'>perniciosus</span> <span class='ocrx_word' id='word_1_9' title='bbox 723 613 786 674; x_wconf 74' lang='lat' dir='ltr'>suit,</span> <span class='ocrx_word' id='word_1_10' title='bbox 812 614 862 669; x_wconf 86' lang='lat' dir='ltr'>¹Ob</span> 
     </span>
     <span class='ocr_line' id='line_1_3' title="bbox 61 688 863 763; baseline -0.004 -19"><span class='ocrx_word' id='word_1_11' title='bbox 61 688 265 763; x_wconf 87' lang='lat' dir='ltr'>quaeomnihus</span> <span class='ocrx_word' id='word_1_12' title='bbox 275 688 428 743; x_wconf 91' lang='lat' dir='ltr'>hominibus</span> <span class='ocrx_word' id='word_1_13' title='bbox 442 688 559 751; x_wconf 88' lang='lat' dir='ltr'>invisus,</span> <span class='ocrx_word' id='word_1_14' title='bbox 575 705 627 741; x_wconf 92' lang='lat' dir='ltr'>non</span> <span class='ocrx_word' id='word_1_15' title='bbox 641 688 724 741; x_wconf 89' lang='lat' dir='ltr'>multo</span> <span class='ocrx_word' id='word_1_16' title='bbox 734 695 792 758; x_wconf 90' lang='lat' dir='ltr'>post</span> <span class='ocrx_word' id='word_1_17' title='bbox 802 705 863 758; x_wconf 88' lang='lat' dir='ltr'>poe-</span> 
     </span>
    </p>
   </div>
   <div class='ocr_carea' id='block_1_3' title="bbox 61 761 865 3060">
    <p class='ocr_par' dir='ltr' id='par_1_3' title="bbox 61 761 864 1188">
     <span class='ocr_line' id='line_1_4' title="bbox 62 761 863 834; baseline -0.005 -15"><span class='ocrx_word' id='word_1_18' title='bbox 62 782 111 820; x_wconf 89' lang='lat' dir='ltr'>nas</span> <span class='ocrx_word' id='word_1_19' title='bbox 129 762 211 817; x_wconf 87' lang='lat' dir='ltr'><strong>dedit.</strong></span> <span class='ocrx_word' id='word_1_20' title='bbox 250 761 350 834; x_wconf 85' lang='lat' dir='ltr'>(Xlll.)</span> <span class='ocrx_word' id='word_1_21' title='bbox 371 764 438 816; x_wconf 90' lang='lat' dir='ltr'>Nam</span> <span class='ocrx_word' id='word_1_22' title='bbox 458 763 491 816; x_wconf 90' lang='lat' dir='ltr'>de</span> <span class='ocrx_word' id='word_1_23' title='bbox 509 761 614 815; x_wconf 84' lang='lat' dir='ltr'><strong>Perside</strong></span> <span class='ocrx_word' id='word_1_24' title='bbox 633 762 713 815; x_wconf 89' lang='lat' dir='ltr'>victor</span> <span class='ocrx_word' id='word_1_25' title='bbox 733 763 863 816; x_wconf 85' lang='lat' dir='ltr'>exercitus</span> 
     </span>
     <span class='ocr_line' id='line_1_5' title="bbox 61 835 863 910; baseline -0.002 -18"><span class='ocrx_word' id='word_1_26' title='bbox 61 837 179 900; x_wconf 80' lang='lat' dir='ltr'>rediens,</span> <span class='ocrx_word' id='word_1_27' title='bbox 196 853 257 890; x_wconf 92' lang='lat' dir='ltr'>cum</span> <span class='ocrx_word' id='word_1_28' title='bbox 266 835 363 890; x_wconf 86' lang='lat' dir='ltr'>Carum</span> <span class='ocrx_word' id='word_1_29' title='bbox 374 838 524 910; x_wconf 82' lang='lat' dir='ltr'>Augustum</span> <span class='ocrx_word' id='word_1_30' title='bbox 535 835 659 900; x_wconf 78' lang='lat' dir='ltr'><strong>fulmine,</strong></span> <span class='ocrx_word' id='word_1_31' title='bbox 670 837 863 890; x_wconf 80' lang='lat' dir='ltr'><strong>Numerianum</strong></span> 
     </span>
     <span class='ocr_line' id='line_1_6' title="bbox 62 909 863 981; baseline -0.004 -14"><span class='ocrx_word' id='word_1_32' title='bbox 62 911 199 967; x_wconf 84' lang='lat' dir='ltr'>Caesarem</span> <span class='ocrx_word' id='word_1_33' title='bbox 218 909 322 964; x_wconf 79' lang='lat' dir='ltr'>insidiis</span> <span class='ocrx_word' id='word_1_34' title='bbox 337 909 505 980; x_wconf 84' lang='lat' dir='ltr'>perdidisset,</span> <span class='ocrx_word' id='word_1_35' title='bbox 527 911 759 965; x_wconf 80' lang='lat' dir='ltr'>Drocnarrannn</span> <span class='ocrx_word' id='word_1_36' title='bbox 780 910 863 981; x_wconf 88' lang='lat' dir='ltr'>impe-</span> 
     </span>
     <span class='ocr_line' id='line_1_7' title="bbox 62 983 864 1048; baseline -0.002 -8"><span class='ocrx_word' id='word_1_37' title='bbox 62 993 174 1040; x_wconf 89' lang='lat' dir='ltr'>ratorem</span> <span class='ocrx_word' id='word_1_38' title='bbox 183 985 288 1048; x_wconf 82' lang='lat' dir='ltr'>creavit,</span> <span class='ocrx_word' id='word_1_39' title='bbox 304 983 429 1038; x_wconf 89' lang='lat' dir='ltr'>Dalmatia</span> <span class='ocrx_word' id='word_1_40' title='bbox 440 984 593 1047; x_wconf 91' lang='lat' dir='ltr'>oriundum,</span> <span class='ocrx_word' id='word_1_41' title='bbox 609 984 864 1039; x_wconf 83' lang='lat' dir='ltr'>virumobsourissi-</span> 
     </span>
     <span class='ocr_line' id='line_1_8' title="bbox 62 1057 862 1128; baseline -0.001 -14"><span class='ocrx_word' id='word_1_42' title='bbox 62 1076 106 1114; x_wconf 88' lang='lat' dir='ltr'>me</span> <span class='ocrx_word' id='word_1_43' title='bbox 115 1057 287 1122; x_wconf 88' lang='lat' dir='ltr'>uatum,adeo</span> <span class='ocrx_word' id='word_1_44' title='bbox 298 1065 348 1111; x_wconf 89' lang='lat' dir='ltr'>uta</span> <span class='ocrx_word' id='word_1_45' title='bbox 360 1058 492 1128; x_wconf 86' lang='lat' dir='ltr'>plerisque</span> <span class='ocrx_word' id='word_1_46' title='bbox 502 1057 602 1110; x_wconf 89' lang='lat' dir='ltr'>scribae</span> <span class='ocrx_word' id='word_1_47' title='bbox 614 1057 715 1122; x_wconf 86' lang='lat' dir='ltr'>filius,a</span> <span class='ocrx_word' id='word_1_48' title='bbox 726 1059 862 1114; x_wconf 87' lang='lat' dir='ltr'>nonnullis</span> 
     </span>
     <span class='ocr_line' id='line_1_9' title="bbox 62 1130 687 1188; baseline -0.006 0"><span class='ocrx_word' id='word_1_49' title='bbox 62 1132 174 1188; x_wconf 82' lang='lat' dir='ltr'>Anulini</span> <span class='ocrx_word' id='word_1_50' title='bbox 183 1132 309 1186; x_wconf 89' lang='lat' dir='ltr'>senatoris</span> <span class='ocrx_word' id='word_1_51' title='bbox 320 1131 458 1185; x_wconf 86' lang='lat' dir='ltr'>libertinus</span> <span class='ocrx_word' id='word_1_52' title='bbox 468 1130 550 1184; x_wconf 85' lang='lat' dir='ltr'>luisse</span> <span class='ocrx_word' id='word_1_53' title='bbox 558 1130 687 1184; x_wconf 87' lang='lat' dir='ltr'>credatur.</span> 
     </span>
    </p>

    <p class='ocr_par' dir='ltr' id='par_1_4' title="bbox 62 1205 865 2239">
     <span class='ocr_line' id='line_1_10' title="bbox 118 1205 864 1276; baseline -0.003 -14"><span class='ocrx_word' id='word_1_54' title='bbox 118 1205 187 1262; x_wconf 78' lang='lat' dir='ltr'>Car.</span> <span class='ocrx_word' id='word_1_55' title='bbox 198 1206 262 1261; x_wconf 87' lang='lat' dir='ltr'>XX.</span> <span class='ocrx_word' id='word_1_56' title='bbox 282 1207 307 1260; x_wconf 92' lang='lat' dir='ltr'>ls</span> <span class='ocrx_word' id='word_1_57' title='bbox 320 1206 406 1276; x_wconf 90' lang='lat' dir='ltr'>prima</span> <span class='ocrx_word' id='word_1_58' title='bbox 416 1205 531 1258; x_wconf 90' lang='lat' dir='ltr'>militum</span> <span class='ocrx_word' id='word_1_59' title='bbox 545 1205 667 1259; x_wconf 79' lang='lat' dir='ltr'>concione</span> <span class='ocrx_word' id='word_1_60' title='bbox 683 1205 792 1270; x_wconf 87' lang='lat' dir='ltr'>iuravit,</span> <span class='ocrx_word' id='word_1_61' title='bbox 806 1207 864 1260; x_wconf 93' lang='lat' dir='ltr'>Nu-</span> 
     </span>
     <span class='ocr_line' id='line_1_11' title="bbox 64 1278 864 1344; baseline -0.003 -8"><span class='ocrx_word' id='word_1_62' title='bbox 64 1281 212 1336; x_wconf 88' lang='lat' dir='ltr'>merianum</span> <span class='ocrx_word' id='word_1_63' title='bbox 221 1280 296 1334; x_wconf 93' lang='lat' dir='ltr'>nullo</span> <span class='ocrx_word' id='word_1_64' title='bbox 305 1297 354 1334; x_wconf 92' lang='lat' dir='ltr'>suo</span> <span class='ocrx_word' id='word_1_65' title='bbox 363 1278 421 1333; x_wconf 93' lang='lat' dir='ltr'>dolo</span> <span class='ocrx_word' id='word_1_66' title='bbox 433 1278 604 1344; x_wconf 83' lang='lat' dir='ltr'>interiectum,</span> <span class='ocrx_word' id='word_1_67' title='bbox 614 1287 639 1333; x_wconf 90' lang='lat' dir='ltr'>et</span> <span class='ocrx_word' id='word_1_68' title='bbox 648 1296 710 1332; x_wconf 92' lang='lat' dir='ltr'>oum</span> <span class='ocrx_word' id='word_1_69' title='bbox 720 1279 792 1332; x_wconf 88' lang='lat' dir='ltr'>iuxta</span> <span class='ocrx_word' id='word_1_70' title='bbox 802 1297 864 1334; x_wconf 87' lang='lat' dir='ltr'>eum</span> 
     </span>
     <span class='ocr_line' id='line_1_12' title="bbox 64 1352 864 1427; baseline -0.001 -17"><span class='ocrx_word' id='word_1_71' title='bbox 64 1359 146 1427; x_wconf 78' lang='lat' dir='ltr'>Aper,</span> <span class='ocrx_word' id='word_1_72' title='bbox 164 1354 213 1426; x_wconf 88' lang='lat' dir='ltr'>qui</span> <span class='ocrx_word' id='word_1_73' title='bbox 226 1354 387 1408; x_wconf 81' lang='lat' dir='ltr'>Numeriano</span> <span class='ocrx_word' id='word_1_74' title='bbox 402 1353 510 1407; x_wconf 81' lang='lat' dir='ltr'>insidias</span> <span class='ocrx_word' id='word_1_75' title='bbox 524 1352 629 1417; x_wconf 85' lang='lat' dir='ltr'>fecerat,</span> <span class='ocrx_word' id='word_1_76' title='bbox 645 1353 814 1419; x_wconf 81' lang='lat' dir='ltr'>constitisset,</span> <span class='ocrx_word' id='word_1_77' title='bbox 835 1355 864 1410; x_wconf 91' lang='lat' dir='ltr'>in</span> 
     </span>
     <span class='ocr_line' id='line_1_13' title="bbox 62 1426 861 1500; baseline -0.001 -16"><span class='ocrx_word' id='word_1_78' title='bbox 62 1436 202 1500; x_wconf 86' lang='lat' dir='ltr'>conspectu</span> <span class='ocrx_word' id='word_1_79' title='bbox 224 1430 352 1483; x_wconf 85' lang='lat' dir='ltr'>exercitus</span> <span class='ocrx_word' id='word_1_80' title='bbox 374 1446 455 1482; x_wconf 91' lang='lat' dir='ltr'>manu</span> <span class='ocrx_word' id='word_1_81' title='bbox 480 1426 631 1482; x_wconf 79' lang='lat' dir='ltr'>Diocletiani</span> <span class='ocrx_word' id='word_1_82' title='bbox 652 1445 793 1498; x_wconf 90' lang='lat' dir='ltr'>percussus</span> <span class='ocrx_word' id='word_1_83' title='bbox 812 1437 861 1483; x_wconf 88' lang='lat' dir='ltr'>est.</span> 
     </span>
     <span class='ocr_line' id='line_1_14' title="bbox 63 1500 861 1567; baseline -0.001 -9"><span class='ocrx_word' id='word_1_84' title='bbox 63 1505 152 1558; x_wconf 81' lang='lat' dir='ltr'>Postea</span> <span class='ocrx_word' id='word_1_85' title='bbox 163 1502 299 1566; x_wconf 91' lang='lat' dir='ltr'>Carinum,</span> <span class='ocrx_word' id='word_1_86' title='bbox 306 1503 429 1556; x_wconf 87' lang='lat' dir='ltr'>omnium·</span> <span class='ocrx_word' id='word_1_87' title='bbox 437 1502 497 1556; x_wconf 90' lang='lat' dir='ltr'>odio</span> <span class='ocrx_word' id='word_1_88' title='bbox 507 1510 531 1556; x_wconf 89' lang='lat' dir='ltr'>et</span> <span class='ocrx_word' id='word_1_89' title='bbox 541 1500 708 1556; x_wconf 89' lang='lat' dir='ltr'>detestatione</span> <span class='ocrx_word' id='word_1_90' title='bbox 719 1504 861 1567; x_wconf 87' lang='lat' dir='ltr'>viventem,</span> 
     </span>
     <span class='ocr_line' id='line_1_15' title="bbox 63 1575 864 1650; baseline -0.002 -18"><span class='ocrx_word' id='word_1_91' title='bbox 63 1577 135 1649; x_wconf 88' lang='lat' dir='ltr'>apud</span> <span class='ocrx_word' id='word_1_92' title='bbox 143 1577 265 1649; x_wconf 79' lang='lat' dir='ltr'>Margum</span> <span class='ocrx_word' id='word_1_93' title='bbox 276 1576 376 1648; x_wconf 82' lang='lat' dir='ltr'>ingenti</span> <span class='ocrx_word' id='word_1_94' title='bbox 386 1576 484 1647; x_wconf 86' lang='lat' dir='ltr'>proelio</span> <span class='ocrx_word' id='word_1_95' title='bbox 498 1576 568 1640; x_wconf 86' lang='lat' dir='ltr'>vicit,</span> <span class='ocrx_word' id='word_1_96' title='bbox 585 1575 617 1648; x_wconf 86' lang='lat' dir='ltr'>[r.</span> <span class='ocrx_word' id='word_1_97' title='bbox 629 1595 652 1630; x_wconf 88' lang='lat' dir='ltr'>e.</span> <span class='ocrx_word' id='word_1_98' title='bbox 664 1596 689 1630; x_wconf 82' lang='lat' dir='ltr'>a.</span> <span class='ocrx_word' id='word_1_99' title='bbox 701 1575 763 1650; x_wconf 67' lang='lat' dir='ltr'>aee]</span> <span class='ocrx_word' id='word_1_100' title='bbox 772 1576 864 1648; x_wconf 90' lang='lat' dir='ltr'>prodi-</span> 
     </span>
     <span class='ocr_line' id='line_1_16' title="bbox 63 1649 864 1722; baseline -0.002 -16"><span class='ocrx_word' id='word_1_101' title='bbox 63 1660 121 1707; x_wconf 90' lang='lat' dir='ltr'>tum</span> <span class='ocrx_word' id='word_1_102' title='bbox 137 1650 172 1706; x_wconf 90' lang='lat' dir='ltr'>ab</span> <span class='ocrx_word' id='word_1_103' title='bbox 188 1650 304 1705; x_wconf 88' lang='lat' dir='ltr'>exercitu</span> <span class='ocrx_word' id='word_1_104' title='bbox 322 1667 384 1714; x_wconf 91' lang='lat' dir='ltr'>suo,</span> <span class='ocrx_word' id='word_1_105' title='bbox 405 1667 485 1722; x_wconf 90' lang='lat' dir='ltr'>quem</span> <span class='ocrx_word' id='word_1_106' title='bbox 505 1649 634 1704; x_wconf 86' lang='lat' dir='ltr'>fortiorem</span> <span class='ocrx_word' id='word_1_107' title='bbox 651 1650 775 1716; x_wconf 85' lang='lat' dir='ltr'>hahebat3</span> <span class='ocrx_word' id='word_1_108' title='bbox 796 1658 864 1704; x_wconf 88' lang='lat' dir='ltr'>certe</span> 
     </span>
     <span class='ocr_line' id='line_1_17' title="bbox 62 1723 861 1795; baseline -0.001 -15"><span class='ocrx_word' id='word_1_109' title='bbox 62 1725 209 1785; x_wconf 68' lang='lat' dir='ltr'>desenum,</span> <span class='ocrx_word' id='word_1_110' title='bbox 231 1725 297 1778; x_wconf 88' lang='lat' dir='ltr'>inter</span> <span class='ocrx_word' id='word_1_111' title='bbox 310 1725 488 1780; x_wconf 88' lang='lat' dir='ltr'>Viminacium</span> <span class='ocrx_word' id='word_1_112' title='bbox 508 1731 587 1795; x_wconf 86' lang='lat' dir='ltr'>atque</span> <span class='ocrx_word' id='word_1_113' title='bbox 600 1723 716 1777; x_wconf 82' lang='lat' dir='ltr'>Aureum</span> <span class='ocrx_word' id='word_1_114' title='bbox 735 1733 861 1779; x_wconf 92' lang='lat' dir='ltr'>montem.</span> 
     </span>
     <span class='ocr_line' id='line_1_18' title="bbox 64 1796 864 1869; baseline -0.003 -16"><span class='ocrx_word' id='word_1_115' title='bbox 64 1801 101 1854; x_wconf 88' lang='lat' dir='ltr'>lta</span> <span class='ocrx_word' id='word_1_116' title='bbox 111 1814 201 1853; x_wconf 90' lang='lat' dir='ltr'>rerum</span> <span class='ocrx_word' id='word_1_117' title='bbox 210 1799 389 1853; x_wconf 84' lang='lat' dir='ltr'>Romanarum</span> <span class='ocrx_word' id='word_1_118' title='bbox 397 1799 503 1869; x_wconf 89' lang='lat' dir='ltr'>potitus,</span> <span class='ocrx_word' id='word_1_119' title='bbox 512 1815 573 1851; x_wconf 91' lang='lat' dir='ltr'>cum</span> <span class='ocrx_word' id='word_1_120' title='bbox 584 1796 728 1852; x_wconf 88' lang='lat' dir='ltr'>tumultum</span> <span class='ocrx_word' id='word_1_121' title='bbox 738 1799 864 1853; x_wconf 86' lang='lat' dir='ltr'>rusticani</span> 
     </span>
     <span class='ocr_line' id='line_1_19' title="bbox 64 1871 865 1937; baseline 0.001 -11"><span class='ocrx_word' id='word_1_122' title='bbox 64 1874 91 1928; x_wconf 92' lang='lat' dir='ltr'>in</span> <span class='ocrx_word' id='word_1_123' title='bbox 106 1871 193 1927; x_wconf 81' lang='lat' dir='ltr'>Gallia</span> <span class='ocrx_word' id='word_1_124' title='bbox 208 1873 392 1937; x_wconf 83' lang='lat' dir='ltr'>concitassent,</span> <span class='ocrx_word' id='word_1_125' title='bbox 408 1880 433 1927; x_wconf 90' lang='lat' dir='ltr'>et</span> <span class='ocrx_word' id='word_1_126' title='bbox 442 1871 546 1927; x_wconf 84' lang='lat' dir='ltr'>factioni</span> <span class='ocrx_word' id='word_1_127' title='bbox 555 1889 618 1925; x_wconf 88' lang='lat' dir='ltr'>snae</span> <span class='ocrx_word' id='word_1_128' title='bbox 627 1872 806 1926; x_wconf 85' lang='lat' dir='ltr'>Bacaudarum</span> <span class='ocrx_word' id='word_1_129' title='bbox 817 1890 865 1927; x_wconf 92' lang='lat' dir='ltr'>no-</span> 
     </span>
     <span class='ocr_line' id='line_1_20' title="bbox 67 1945 865 2018; baseline -0.001 -17"><span class='ocrx_word' id='word_1_130' title='bbox 67 1963 127 2001; x_wconf 89' lang='lat' dir='ltr'>men</span> <span class='ocrx_word' id='word_1_131' title='bbox 142 1947 318 2018; x_wconf 80' lang='lat' dir='ltr'>imponerent,</span> <span class='ocrx_word' id='word_1_132' title='bbox 339 1947 419 2000; x_wconf 91' lang='lat' dir='ltr'>duces</span> <span class='ocrx_word' id='word_1_133' title='bbox 433 1953 519 2000; x_wconf 90' lang='lat' dir='ltr'>autem</span> <span class='ocrx_word' id='word_1_134' title='bbox 534 1947 658 2000; x_wconf 87' lang='lat' dir='ltr'>haberent</span> <span class='ocrx_word' id='word_1_135' title='bbox 673 1945 824 2001; x_wconf 81' lang='lat' dir='ltr'>Amandum</span> <span class='ocrx_word' id='word_1_136' title='bbox 839 1953 865 2000; x_wconf 90' lang='lat' dir='ltr'>et</span> 
     </span>
     <span class='ocr_line' id='line_1_21' title="bbox 64 2020 862 2093; baseline 0 -19"><span class='ocrx_word' id='word_1_137' title='bbox 64 2020 216 2084; x_wconf 80' lang='lat' dir='ltr'>Aelianum,</span> <span class='ocrx_word' id='word_1_138' title='bbox 232 2020 266 2074; x_wconf 94' lang='lat' dir='ltr'>ad</span> <span class='ocrx_word' id='word_1_139' title='bbox 279 2020 440 2093; x_wconf 82' lang='lat' dir='ltr'>subigendos</span> <span class='ocrx_word' id='word_1_140' title='bbox 454 2039 497 2074; x_wconf 92' lang='lat' dir='ltr'>cos</span> <span class='ocrx_word' id='word_1_141' title='bbox 508 2020 699 2074; x_wconf 85' lang='lat' dir='ltr'>Maximianum</span> <span class='ocrx_word' id='word_1_142' title='bbox 710 2021 862 2075; x_wconf 88' lang='lat' dir='ltr'>Herculium</span> 
     </span>
     <span class='ocr_line' id='line_1_22' title="bbox 65 2092 865 2169; baseline -0.001 -20"><span class='ocrx_word' id='word_1_143' title='bbox 65 2094 200 2149; x_wconf 82' lang='lat' dir='ltr'>Caesarem</span> <span class='ocrx_word' id='word_1_144' title='bbox 211 2094 298 2159; x_wconf 89' lang='lat' dir='ltr'>misit,</span> <span class='ocrx_word' id='word_1_145' title='bbox 310 2092 344 2168; x_wconf 80' lang='lat' dir='ltr'>[a.</span> <span class='ocrx_word' id='word_1_146' title='bbox 356 2112 380 2148; x_wconf 89' lang='lat' dir='ltr'>c.</span> <span class='ocrx_word' id='word_1_147' title='bbox 391 2113 417 2148; x_wconf 81' lang='lat' dir='ltr'>rr.</span> <span class='ocrx_word' id='word_1_148' title='bbox 431 2092 492 2168; x_wconf 68' lang='lat' dir='ltr'>tae]</span> <span class='ocrx_word' id='word_1_149' title='bbox 504 2094 551 2166; x_wconf 90' lang='lat' dir='ltr'>qui</span> <span class='ocrx_word' id='word_1_150' title='bbox 563 2093 666 2148; x_wconf 86' lang='lat' dir='ltr'>levibus</span> <span class='ocrx_word' id='word_1_151' title='bbox 677 2095 782 2166; x_wconf 91' lang='lat' dir='ltr'>proeliis</span> <span class='ocrx_word' id='word_1_152' title='bbox 790 2113 865 2169; x_wconf 79' lang='lat' dir='ltr'>agre-</span> 
     </span>
     <span class='ocr_line' id='line_1_23' title="bbox 64 2167 656 2239; baseline 0 -17"><span class='ocrx_word' id='word_1_153' title='bbox 64 2176 116 2223; x_wconf 81' lang='lat' dir='ltr'>stes</span> <span class='ocrx_word' id='word_1_154' title='bbox 126 2167 237 2232; x_wconf 87' lang='lat' dir='ltr'>domuit,</span> <span class='ocrx_word' id='word_1_155' title='bbox 248 2176 273 2222; x_wconf 89' lang='lat' dir='ltr'>et</span> <span class='ocrx_word' id='word_1_156' title='bbox 282 2184 374 2239; x_wconf 89' lang='lat' dir='ltr'>paoem</span> <span class='ocrx_word' id='word_1_157' title='bbox 385 2168 487 2223; x_wconf 84' lang='lat' dir='ltr'>Galliae</span> <span class='ocrx_word' id='word_1_158' title='bbox 496 2167 656 2223; x_wconf 79' lang='lat' dir='ltr'>reformavit.</span> 
     </span>
    </p>

    <p class='ocr_par' dir='ltr' id='par_1_5' title="bbox 62 2241 865 3060">
     <span class='ocr_line' id='line_1_24' title="bbox 117 2241 862 2314; baseline -0.001 -17"><span class='ocrx_word' id='word_1_159' title='bbox 117 2241 186 2297; x_wconf 80' lang='lat' dir='ltr'>Car.</span> <span class='ocrx_word' id='word_1_160' title='bbox 208 2242 283 2297; x_wconf 88' lang='lat' dir='ltr'><strong>XXI.</strong></span> <span class='ocrx_word' id='word_1_161' title='bbox 303 2243 352 2297; x_wconf 91' lang='lat' dir='ltr'>Per</span> <span class='ocrx_word' id='word_1_162' title='bbox 360 2241 424 2296; x_wconf 90' lang='lat' dir='ltr'>haec</span> <span class='ocrx_word' id='word_1_163' title='bbox 436 2250 550 2312; x_wconf 87' lang='lat' dir='ltr'>tempora</span> <span class='ocrx_word' id='word_1_164' title='bbox 561 2242 639 2296; x_wconf 89' lang='lat' dir='ltr'>etiam</span> <span class='ocrx_word' id='word_1_165' title='bbox 650 2242 801 2306; x_wconf 89' lang='lat' dir='ltr'>Carausius,</span> <span class='ocrx_word' id='word_1_166' title='bbox 814 2242 862 2314; x_wconf 91' lang='lat' dir='ltr'>qui</span> 
     </span>
     <span class='ocr_line' id='line_1_25' title="bbox 64 2315 864 2389; baseline 0.001 -20"><span class='ocrx_word' id='word_1_167' title='bbox 64 2315 193 2370; x_wconf 86' lang='lat' dir='ltr'>vilissime</span> <span class='ocrx_word' id='word_1_168' title='bbox 207 2323 298 2382; x_wconf 84' lang='lat' dir='ltr'>natus,</span> <span class='ocrx_word' id='word_1_169' title='bbox 313 2324 434 2370; x_wconf 87' lang='lat' dir='ltr'>strenuae</span> <span class='ocrx_word' id='word_1_170' title='bbox 449 2317 558 2370; x_wconf 89' lang='lat' dir='ltr'>militiae</span> <span class='ocrx_word' id='word_1_171' title='bbox 570 2315 661 2370; x_wconf 91' lang='lat' dir='ltr'>ordine</span> <span class='ocrx_word' id='word_1_172' title='bbox 677 2315 776 2370; x_wconf 89' lang='lat' dir='ltr'>lamam</span> <span class='ocrx_word' id='word_1_173' title='bbox 790 2333 864 2389; x_wconf 82' lang='lat' dir='ltr'>egre-</span> 
     </span>
     <span class='ocr_line' id='line_1_26' title="bbox 63 2388 865 2463; baseline 0.002 -20"><span class='ocrx_word' id='word_1_174' title='bbox 63 2390 136 2463; x_wconf 79' lang='lat' dir='ltr'>giam</span> <span class='ocrx_word' id='word_1_175' title='bbox 150 2388 232 2444; x_wconf 86' lang='lat' dir='ltr'>inerat</span> <span class='ocrx_word' id='word_1_176' title='bbox 245 2397 413 2455; x_wconf 89' lang='lat' dir='ltr'>consecutus,</span> <span class='ocrx_word' id='word_1_177' title='bbox 432 2407 494 2444; x_wconf 92' lang='lat' dir='ltr'>cum</span> <span class='ocrx_word' id='word_1_178' title='bbox 509 2389 581 2462; x_wconf 89' lang='lat' dir='ltr'>apud</span> <span class='ocrx_word' id='word_1_179' title='bbox 594 2390 738 2444; x_wconf 87' lang='lat' dir='ltr'>Bononiam</span> <span class='ocrx_word' id='word_1_180' title='bbox 752 2398 799 2460; x_wconf 85' lang='lat' dir='ltr'>per</span> <span class='ocrx_word' id='word_1_181' title='bbox 813 2399 865 2445; x_wconf 91' lang='lat' dir='ltr'>tra-</span> 
     </span>
     <span class='ocr_line' id='line_1_27' title="bbox 63 2463 862 2536; baseline 0 -17"><span class='ocrx_word' id='word_1_182' title='bbox 63 2474 135 2519; x_wconf 84' lang='lat' dir='ltr'>ctum</span> <span class='ocrx_word' id='word_1_183' title='bbox 150 2463 267 2536; x_wconf 81' lang='lat' dir='ltr'>Belgicae</span> <span class='ocrx_word' id='word_1_184' title='bbox 280 2474 305 2518; x_wconf 88' lang='lat' dir='ltr'>et</span> <span class='ocrx_word' id='word_1_185' title='bbox 317 2465 465 2520; x_wconf 78' lang='lat' dir='ltr'>Armoricae</span> <span class='ocrx_word' id='word_1_186' title='bbox 474 2463 622 2536; x_wconf 87' lang='lat' dir='ltr'>pacandum</span> <span class='ocrx_word' id='word_1_187' title='bbox 634 2481 705 2517; x_wconf 90' lang='lat' dir='ltr'>mare</span> <span class='ocrx_word' id='word_1_188' title='bbox 713 2466 862 2535; x_wconf 83' lang='lat' dir='ltr'>accepisset,</span> 
     </span>
     <span class='ocr_line' id='line_1_28' title="bbox 63 2536 864 2609; baseline 0 -16"><span class='ocrx_word' id='word_1_189' title='bbox 63 2537 135 2609; x_wconf 87' lang='lat' dir='ltr'>qnod</span> <span class='ocrx_word' id='word_1_190' title='bbox 154 2539 248 2592; x_wconf 86' lang='lat' dir='ltr'>Franci</span> <span class='ocrx_word' id='word_1_191' title='bbox 266 2547 292 2593; x_wconf 88' lang='lat' dir='ltr'>et</span> <span class='ocrx_word' id='word_1_192' title='bbox 310 2538 425 2593; x_wconf 86' lang='lat' dir='ltr'>Saxones</span> <span class='ocrx_word' id='word_1_193' title='bbox 444 2537 613 2602; x_wconf 81' lang='lat' dir='ltr'>infestabant,</span> <span class='ocrx_word' id='word_1_194' title='bbox 633 2536 725 2592; x_wconf 91' lang='lat' dir='ltr'>multis</span> <span class='ocrx_word' id='word_1_195' title='bbox 744 2538 864 2593; x_wconf 83' lang='lat' dir='ltr'>barbaris</span> 
     </span>
     <span class='ocr_line' id='line_1_29' title="bbox 64 2611 865 2686; baseline 0 -21"><span class='ocrx_word' id='word_1_196' title='bbox 64 2628 141 2684; x_wconf 85' lang='lat' dir='ltr'>saepe</span> <span class='ocrx_word' id='word_1_197' title='bbox 147 2613 245 2684; x_wconf 88' lang='lat' dir='ltr'>captis,</span> <span class='ocrx_word' id='word_1_198' title='bbox 263 2629 311 2667; x_wconf 89' lang='lat' dir='ltr'>nec</span> <span class='ocrx_word' id='word_1_199' title='bbox 319 2613 413 2685; x_wconf 89' lang='lat' dir='ltr'>praeda</span> <span class='ocrx_word' id='word_1_200' title='bbox 424 2612 524 2686; x_wconf 78' lang='lat' dir='ltr'>integra</span> <span class='ocrx_word' id='word_1_201' title='bbox 535 2619 580 2667; x_wconf 91' lang='lat' dir='ltr'>aut</span> <span class='ocrx_word' id='word_1_202' title='bbox 588 2611 797 2684; x_wconf 87' lang='lat' dir='ltr'>provincialibus</span> <span class='ocrx_word' id='word_1_203' title='bbox 807 2613 865 2666; x_wconf 91' lang='lat' dir='ltr'>red-</span> 
     </span>
     <span class='ocr_line' id='line_1_30' title="bbox 63 2685 864 2759; baseline 0.001 -20"><span class='ocrx_word' id='word_1_204' title='bbox 63 2685 130 2749; x_wconf 84' lang='lat' dir='ltr'>dite,</span> <span class='ocrx_word' id='word_1_205' title='bbox 146 2695 192 2741; x_wconf 87' lang='lat' dir='ltr'>aut</span> <span class='ocrx_word' id='word_1_206' title='bbox 206 2686 407 2757; x_wconf 85' lang='lat' dir='ltr'>imperatoribus</span> <span class='ocrx_word' id='word_1_207' title='bbox 421 2687 516 2752; x_wconf 85' lang='lat' dir='ltr'>missa,</span> <span class='ocrx_word' id='word_1_208' title='bbox 532 2700 594 2741; x_wconf 91' lang='lat' dir='ltr'>cum</span> <span class='ocrx_word' id='word_1_209' title='bbox 609 2686 724 2759; x_wconf 88' lang='lat' dir='ltr'>suspicio</span> <span class='ocrx_word' id='word_1_210' title='bbox 737 2703 795 2740; x_wconf 88' lang='lat' dir='ltr'>essa</span> <span class='ocrx_word' id='word_1_211' title='bbox 807 2704 864 2740; x_wconf 89' lang='lat' dir='ltr'>coe-</span> 
     </span>
     <span class='ocr_line' id='line_1_31' title="bbox 63 2760 864 2831; baseline -0.004 -16"><span class='ocrx_word' id='word_1_212' title='bbox 63 2760 157 2831; x_wconf 84' lang='lat' dir='ltr'>pisset,</span> <span class='ocrx_word' id='word_1_213' title='bbox 172 2760 292 2815; x_wconf 87' lang='lat' dir='ltr'>consulto</span> <span class='ocrx_word' id='word_1_214' title='bbox 306 2761 339 2815; x_wconf 88' lang='lat' dir='ltr'>ab</span> <span class='ocrx_word' id='word_1_215' title='bbox 353 2778 383 2816; x_wconf 89' lang='lat' dir='ltr'>eo</span> <span class='ocrx_word' id='word_1_216' title='bbox 395 2761 496 2816; x_wconf 89' lang='lat' dir='ltr'>admitti</span> <span class='ocrx_word' id='word_1_217' title='bbox 507 2760 646 2826; x_wconf 85' lang='lat' dir='ltr'>barbaros,</span> <span class='ocrx_word' id='word_1_218' title='bbox 662 2768 692 2815; x_wconf 92' lang='lat' dir='ltr'>ut</span> <span class='ocrx_word' id='word_1_219' title='bbox 701 2768 864 2815; x_wconf 88' lang='lat' dir='ltr'>transeuntes</span> 
     </span>
     <span class='ocr_line' id='line_1_32' title="bbox 62 2834 862 2908; baseline -0.003 -20"><span class='ocrx_word' id='word_1_220' title='bbox 62 2851 123 2889; x_wconf 87' lang='lat' dir='ltr'>cum</span> <span class='ocrx_word' id='word_1_221' title='bbox 135 2834 230 2906; x_wconf 90' lang='lat' dir='ltr'>praeda</span> <span class='ocrx_word' id='word_1_222' title='bbox 239 2836 381 2907; x_wconf 86' lang='lat' dir='ltr'>exciperet,</span> <span class='ocrx_word' id='word_1_223' title='bbox 396 2845 474 2908; x_wconf 88' lang='lat' dir='ltr'>atque</span> <span class='ocrx_word' id='word_1_224' title='bbox 483 2836 533 2892; x_wconf 86' lang='lat' dir='ltr'>hac</span> <span class='ocrx_word' id='word_1_225' title='bbox 542 2835 714 2891; x_wconf 89' lang='lat' dir='ltr'>seoocasione</span> <span class='ocrx_word' id='word_1_226' title='bbox 723 2835 826 2898; x_wconf 69' lang='lat' dir='ltr'>ditaret,</span> <span class='ocrx_word' id='word_1_227' title='bbox 848 2850 862 2887; x_wconf 92' lang='lat' dir='ltr'>a</span> 
     </span>
     <span class='ocr_line' id='line_1_33' title="bbox 62 2908 864 2985; baseline -0.004 -22"><span class='ocrx_word' id='word_1_228' title='bbox 62 2908 225 2963; x_wconf 83' lang='lat' dir='ltr'>Maximiano</span> <span class='ocrx_word' id='word_1_229' title='bbox 238 2909 327 2964; x_wconf 88' lang='lat' dir='ltr'>iussus</span> <span class='ocrx_word' id='word_1_230' title='bbox 336 2910 432 2975; x_wconf 86' lang='lat' dir='ltr'>occidi,</span> <span class='ocrx_word' id='word_1_231' title='bbox 449 2927 595 2985; x_wconf 88' lang='lat' dir='ltr'>purpuram</span> <span class='ocrx_word' id='word_1_232' title='bbox 605 2910 716 2976; x_wconf 90' lang='lat' dir='ltr'>sumsit,</span> <span class='ocrx_word' id='word_1_233' title='bbox 728 2917 753 2964; x_wconf 88' lang='lat' dir='ltr'>et</span> <span class='ocrx_word' id='word_1_234' title='bbox 761 2909 864 2963; x_wconf 88' lang='lat' dir='ltr'>Britan-</span> 
     </span>
     <span class='ocr_line' id='line_1_34' title="bbox 62 2981 466 3060; baseline 0.002 -23"><span class='ocrx_word' id='word_1_235' title='bbox 62 2983 122 3038; x_wconf 78' lang='lat' dir='ltr'>nias</span> <span class='ocrx_word' id='word_1_236' title='bbox 128 2983 276 3054; x_wconf 87' lang='lat' dir='ltr'>occupavit.</span> <span class='ocrx_word' id='word_1_237' title='bbox 287 2981 322 3059; x_wconf 82' lang='lat' dir='ltr'>[a.</span> <span class='ocrx_word' id='word_1_238' title='bbox 332 3001 357 3039; x_wconf 86' lang='lat' dir='ltr'>c.</span> <span class='ocrx_word' id='word_1_239' title='bbox 368 3003 393 3040; x_wconf 87' lang='lat' dir='ltr'>n.</span> <span class='ocrx_word' id='word_1_240' title='bbox 405 2982 466 3060; x_wconf 58' lang='grc' dir='ltr'>Μ]</span> 
     </span>
    </p>
   </div>
   <div class='ocr_carea' id='block_1_4' title="bbox 118 3084 667 3130">
    <p class='ocr_par' dir='ltr' id='par_1_6' title="bbox 118 3084 667 3130">
     <span class='ocr_line' id='line_1_35' title="bbox 118 3084 667 3130; baseline 0 -2"><span class='ocrx_word' id='word_1_241' title='bbox 118 3090 240 3130; x_wconf 68' lang='lat' dir='ltr'>eureos.</span> <span class='ocrx_word' id='word_1_242' title='bbox 644 3084 667 3128; x_wconf 58' lang='grc' dir='ltr'>ἲ</span> 
     </span>
    </p>
   </div>
   <div class='ocr_carea' id='block_1_5' title="bbox 0 0 958 3330">
    <p class='ocr_par' dir='ltr' id='par_1_7' title="bbox 0 0 958 3330">
     <span class='ocr_line' id='line_1_36' title="bbox 0 0 958 3330; baseline 0 0"><span class='ocrx_word' id='word_1_243' title='bbox 0 0 958 3330; x_wconf 95' lang='lat' dir='ltr'> </span> 
     </span>
    </p>
   </div>
  </div>
 </body>
</html>
