1906 3330
389 564 504 609 LIBER
526 564 562 610 X.
840 561 868 612 9l

74 659 226 723 vetranioni
251 659 407 730 imperium3
437 661 485 733 qui
509 679 578 716 novo
597 661 773 734 inusitatoque
792 680 872 728 more,

74 751 206 790 consensu
226 734 355 798 militum,
380 733 508 806 deponere
527 737 631 809 insigne
652 736 805 807 compulsus
823 746 872 792 est.

75 807 110 938 ἓν.
121 827 146 864 e.
156 827 183 862 a.
195 805 256 882 teu]
276 809 488 880 Romaequoque
497 811 628 865 tumultus
641 809 703 875 luit,
719 812 871 881 Nepotem,

97 882 240 937 costantini
254 882 351 936 sororis
365 882 432 947 filio,
449 901 495 955 per
508 884 688 957 gladiatoriam
702 901 812 938 manum
823 902 874 937 rm-

74 957 180 1029 perium
194 955 345 1022 invadente3
367 958 413 1027 qui
423 959 509 1012 saevis
522 959 637 1012 exordiis
650 958 762 1030 dignum
772 966 873 1012 exitum

76 1038 169 1086 nactus
179 1037 226 1084 cst.
259 1030 473 1102 Vigesimoenim
486 1033 875 1105 atqueoctavodieaMagnen·

75 1105 155 1159 tionis
166 1104 278 1157 ducibus
288 1120 442 1174 oppressus,
456 1122 553 1175 poenas
568 1104 651 1171 dedit;
672 1114 803 1176 caputque
817 1107 874 1160 eius

76 1178 132 1250 pilo
147 1194 193 1248 per
205 1178 298 1231 urbem
312 1177 496 1231 circumlatum
510 1185 561 1245 est;
582 1179 806 1251 gravissimaeque
814 1196 875 1250 pro·

77 1252 232 1322 scrIptiones
241 1259 266 1305 et
275 1251 405 1305 nobilium
415 1252 505 1305 caedes
514 1251 630 1306 fuerunt.

132 1326 202 1380 cir.
222 1326 282 1378 ΧΗ.
302 1327 361 1378 Non
374 1323 457 1378 multo
470 1333 529 1396 post
541 1325 708 1398 Magnentius
722 1326 793 1396 apud
802 1327 876 1381 Mur-

77 1416 135 1453 sam
149 1397 302 1470 profligatus
317 1399 432 1463 acieest,
448 1417 477 1452 ac
485 1416 567 1470 paene
575 1407 676 1471 captus.
695 1397 727 1472 [a.
740 1418 764 1455 o.
775 1419 801 1454 a.
813 1398 874 1474 351]

77 1475 199 1545 Ingentes
221 1473 332 1526 Romani
357 1473 459 1542 imperii
484 1473 553 1527 vires
575 1490 604 1527 ea
628 1472 794 1528 dimicatione
813 1491 875 1528 con-

78 1553 180 1601 sumtae
194 1553 270 1610 sunt,
287 1544 320 1599 ad
333 1546 466 1616 quaelibet
478 1547 546 1600 bella
556 1555 660 1601 externa
671 1546 791 1612 idoneae,
807 1565 876 1619 quae

77 1619 193 1675 multum
208 1619 402 1690 triumphorum
418 1628 524 1690 possent
540 1621 736 1692 securitatisque
749 1620 874 1675 conferre.

78 1694 178 1749 Orienti
189 1711 251 1748 mox
261 1711 276 1747 a
286 1693 455 1748 Constantino
465 1694 559 1750 Caesar
567 1702 606 1748 est
615 1693 700 1758 datus,
708 1695 793 1763 patrui
804 1694 876 1748 filius

79 1767 214 1823 Garios:
237 1766 270 1842 [r.
281 1785 306 1823 c.
317 1787 341 1821 a.
354 1764 415 1840 351]
435 1767 668 1840 Magnentiusque,
680 1767 792 1821 diversis
800 1784 877 1838 proe-

79 1841 123 1896 liis
141 1842 240 1906 victus,
261 1841 316 1894 vim
336 1841 404 1896 vitae
425 1858 489 1896 suae
508 1841 579 1912 apud
597 1839 761 1913 Lugdunum
778 1840 873 1906 attulit,

79 1916 184 1986 imperii
194 1916 359 1980 annotertio‚
376 1915 599 1986 menseseptimo:
622 1912 655 1989 [r.
670 1932 694 1968 e.
705 1934 730 1968 a.
743 1912 803 1988 aaa]
824 1914 877 1969 fra-

79 1998 118 2045 ter
131 2006 238 2061 quoque
247 1987 304 2043 eius
316 1989 435 2055 Scironis,
450 2006 531 2062 quem
541 1989 574 2044 ad
583 1989 693 2043 tuendas
704 1988 803 2043 Gallias
812 1988 877 2044 Cae·

79 2081 164 2119 sarem
175 2075 290 2118 miserat.

135 2137 204 2193 Cra.
224 2138 296 2191 XIII.
316 2139 366 2191 Per
383 2137 447 2191 liaeo
462 2145 577 2209 tempora
592 2137 671 2192 etiam
685 2155 700 2192 u
714 2137 874 2202 Constantio,

79 2211 172 2267 multis
182 2210 335 2265 incivilibus
345 2212 439 2284 gestis,
452 2212 545 2267 Gallus
555 2212 758 2267 Caesaroccisus
768 2218 820 2265 est:
842 2208 875 2285 [a.

80 2304 105 2342 u.
119 2305 145 2340 n.
155 2284 217 2360 att]
237 2285 279 2340 vir
292 2294 385 2340 natura
400 2284 483 2350 ferus,
497 2294 523 2340 et
536 2286 570 2340 ad
579 2285 744 2358 tyrannidem
758 2284 873 2356 pronior,

79 2361 103 2415 si
122 2377 171 2414 suo
188 2360 245 2413 iure
259 2360 387 2429 imperare
403 2359 527 2415 licuisset.
566 2360 690 2414 Silvanus
707 2376 827 2430 quoque,
848 2358 877 2412 in

80 2433 166 2489 Gallia
176 2451 216 2487 res
226 2451 308 2490 novas
318 2433 438 2500 molitus,
451 2443 510 2488 ante
522 2433 592 2487 diem
604 2434 767 2506 telgesimum
777 2432 878 2487 exstIn—

80 2516 137 2562 otus
157 2515 209 2572 est,
232 2505 265 2582 [a.
281 2526 306 2562 c.
322 2527 347 2563 n.
363 2505 423 2594 aaa]
444 2508 569 2579 solusque
589 2508 698 2578 imperio
717 2508 834 2562 Romano
847 2521 878 2560 ec

80 2590 195 2654 tempore
205 2581 372 2637 Constantius
382 2598 503 2654 princeps
513 2590 538 2636 et
547 2582 684 2656 Augustus
695 2580 754 2635 suit.

136 2656 205 2711 Can.
226 2656 298 2712 XIV.
324 2657 385 2711 Mox
404 2657 553 2711 lemanna
573 2657 708 2711 Caesarem
728 2654 760 2709 ad
778 2653 877 2708 Gallias

81 2728 166 2794 misit,
179 2728 212 2816 [r.
223 2748 248 2785 c.
260 2749 284 2784 a.
297 2727 357 2803 355]
368 2728 511 2800 patruelem
520 2747 610 2794 suum,
623 2729 692 2784 Galli
701 2729 815 2791 fratrem,
827 2736 879 2780 tra-

81 2803 134 2858 dita
149 2805 172 2858 ei
182 2823 208 2858 m
220 2803 417 2858 matrimonium
427 2820 526 2870 sorore,
548 2821 608 2857 oum
620 2803 703 2857 multa
713 2802 807 2873 oppida
819 2802 879 2854 bar-

81 2878 137 2934 bari
146 2885 351 2950 expugnassent,
360 2878 409 2932 alia
418 2878 575 2942 obsiderent,
583 2878 682 2949 ubique
691 2876 764 2930 foeda
772 2876 879 2931 vastitas

81 2961 161 3017 esset,
177 2954 379 3023 Romanumque
392 2952 532 3022 imperium
549 2969 601 3006 non
618 2951 697 3004 dubia
710 2952 761 3004 iam
772 2949 879 3003 calami-

83 3036 132 3086 tate
146 3033 261 3083 nutaret:
283 3043 297 3080 a
307 3043 361 3099 quo
373 3026 483 3081 modicis
492 3026 574 3099 copiis
585 3024 656 3097 apud
667 3025 876 3100 Argentoratum,
