<?xml version="1.0" encoding="UTF-8"?>
<!DOCTYPE html PUBLIC "-//W3C//DTD XHTML 1.0 Transitional//EN"
    "http://www.w3.org/TR/xhtml1/DTD/xhtml1-transitional.dtd">
<html xmlns="http://www.w3.org/1999/xhtml" xml:lang="en" lang="en">
 <head>
  <title>
</title>
<meta http-equiv="Content-Type" content="text/html;charset=utf-8" />
  <meta name='ocr-system' content='tesseract 3.04.00' />
  <meta name='ocr-capabilities' content='ocr_page ocr_carea ocr_par ocr_line ocrx_word'/>
</head>
<body>
  <div class='ocr_page' id='page_1' title='image "./eutropiibreviar01eutrgoog_0039.png"; bbox 0 0 1906 3330; ppageno 0'>
   <div class='ocr_carea' id='block_1_1' title="bbox 80 171 575 240">
    <p class='ocr_par' dir='ltr' id='par_1_1' title="bbox 80 171 575 240">
     <span class='ocr_line' id='line_1_1' title="bbox 80 171 575 240; baseline -0.014 -17"><span class='ocrx_word' id='word_1_1' title='bbox 80 171 118 240; x_wconf 20' lang='lat'><strong>,³0</strong></span> <span class='ocrx_word' id='word_1_2' title='bbox 386 172 575 222; x_wconf 75' lang='lat' dir='ltr'><strong>corneam</strong></span> 
     </span>
    </p>
   </div>
   <div class='ocr_carea' id='block_1_2' title="bbox 85 270 792 2744">
    <p class='ocr_par' dir='ltr' id='par_1_2' title="bbox 85 270 791 870">
     <span class='ocr_line' id='line_1_2' title="bbox 86 270 791 345; baseline -0.007 -15"><span class='ocrx_word' id='word_1_3' title='bbox 86 275 152 341; x_wconf 87' lang='lat' dir='ltr'><strong>lem,</strong></span> <span class='ocrx_word' id='word_1_4' title='bbox 167 284 321 332; x_wconf 82' lang='lat' dir='ltr'><strong>concitorem</strong></span> <span class='ocrx_word' id='word_1_5' title='bbox 334 275 409 340; x_wconf 90' lang='lat' dir='ltr'><strong>belli,</strong></span> <span class='ocrx_word' id='word_1_6' title='bbox 426 275 539 330; x_wconf 79' lang='lat' dir='ltr'><strong>dederet.</strong></span> <span class='ocrx_word' id='word_1_7' title='bbox 577 271 690 328; x_wconf 81' lang='lat' dir='ltr'><strong>Eumeni</strong></span> <span class='ocrx_word' id='word_1_8' title='bbox 704 272 760 345; x_wconf 82' lang='lat' dir='ltr'><strong>regi</strong></span> <span class='ocrx_word' id='word_1_9' title='bbox 773 270 791 325; x_wconf 93' lang='lat' dir='ltr'><strong>d</strong></span> 
     </span>
     <span class='ocr_line' id='line_1_3' title="bbox 85 346 784 421; baseline -0.007 -16"><span class='ocrx_word' id='word_1_10' title='bbox 85 359 148 406; x_wconf 86' lang='lat' dir='ltr'><strong>sunt</strong></span> <span class='ocrx_word' id='word_1_11' title='bbox 159 369 250 406; x_wconf 88' lang='lat' dir='ltr'><strong>omnes</strong></span> <span class='ocrx_word' id='word_1_12' title='bbox 262 351 339 406; x_wconf 86' lang='lat' dir='ltr'><strong>Asiae</strong></span> <span class='ocrx_word' id='word_1_13' title='bbox 347 350 472 414; x_wconf 86' lang='lat' dir='ltr'><strong>civitates,</strong></span> <span class='ocrx_word' id='word_1_14' title='bbox 484 367 551 421; x_wconf 89' lang='lat' dir='ltr'><strong>quas</strong></span> <span class='ocrx_word' id='word_1_15' title='bbox 560 347 704 403; x_wconf 73' lang='lat' dir='ltr'><strong>Antiochus</strong></span> <span class='ocrx_word' id='word_1_16' title='bbox 716 346 784 401; x_wconf 89' lang='lat' dir='ltr'><strong>bello</strong></span> 
     </span>
     <span class='ocr_line' id='line_1_4' title="bbox 85 422 780 496; baseline -0.007 -16"><span class='ocrx_word' id='word_1_17' title='bbox 85 425 171 493; x_wconf 81' lang='lat' dir='ltr'><strong>derat3</strong></span> <span class='ocrx_word' id='word_1_18' title='bbox 191 434 216 480; x_wconf 87' lang='lat' dir='ltr'><strong>et</strong></span> <span class='ocrx_word' id='word_1_19' title='bbox 226 425 347 490; x_wconf 86' lang='lat' dir='ltr'><strong>Rhodiis,</strong></span> <span class='ocrx_word' id='word_1_20' title='bbox 359 424 406 496; x_wconf 92' lang='lat' dir='ltr'><strong>qui</strong></span> <span class='ocrx_word' id='word_1_21' title='bbox 419 423 549 479; x_wconf 86' lang='lat' dir='ltr'><strong>auxilium</strong></span> <span class='ocrx_word' id='word_1_22' title='bbox 558 422 682 478; x_wconf 88' lang='lat' dir='ltr'><strong>Romanis</strong></span> <span class='ocrx_word' id='word_1_23' title='bbox 692 430 780 476; x_wconf 88' lang='lat' dir='ltr'><strong>contra</strong></span> 
     </span>
     <span class='ocr_line' id='line_1_5' title="bbox 85 498 785 566; baseline -0.009 -11"><span class='ocrx_word' id='word_1_24' title='bbox 85 500 244 555; x_wconf 83' lang='lat' dir='ltr'><strong>Antiochum</strong></span> <span class='ocrx_word' id='word_1_25' title='bbox 272 499 399 566; x_wconf 89' lang='lat' dir='ltr'><strong>tulerant,</strong></span> <span class='ocrx_word' id='word_1_26' title='bbox 429 498 526 553; x_wconf 88' lang='lat' dir='ltr'><strong>multae</strong></span> <span class='ocrx_word' id='word_1_27' title='bbox 549 498 628 553; x_wconf 78' lang='lat' dir='ltr'><strong>urbes</strong></span> <span class='ocrx_word' id='word_1_28' title='bbox 649 513 785 550; x_wconf 87' lang='lat' dir='ltr'><strong>concessae</strong></span> 
     </span>
     <span class='ocr_line' id='line_1_6' title="bbox 86 571 791 647; baseline -0.011 -18"><span class='ocrx_word' id='word_1_29' title='bbox 86 574 173 645; x_wconf 84' lang='lat' dir='ltr'>Scipio</span> <span class='ocrx_word' id='word_1_30' title='bbox 187 576 297 629; x_wconf 80' lang='lat' dir='ltr'><strong>Romam</strong></span> <span class='ocrx_word' id='word_1_31' title='bbox 311 575 399 640; x_wconf 85' lang='lat' dir='ltr'><strong>rediit,</strong></span> <span class='ocrx_word' id='word_1_32' title='bbox 416 574 515 647; x_wconf 83' lang='lat' dir='ltr'><strong>ingenti</strong></span> <span class='ocrx_word' id='word_1_33' title='bbox 531 573 614 646; x_wconf 83' lang='lat' dir='ltr'><strong>gloria</strong></span> <span class='ocrx_word' id='word_1_34' title='bbox 624 571 791 643; x_wconf 75' lang='lat' dir='ltr'><strong>triumphavit</strong></span> 
     </span>
     <span class='ocr_line' id='line_1_7' title="bbox 86 646 791 721; baseline -0.004 -19"><span class='ocrx_word' id='word_1_35' title='bbox 86 667 147 702; x_wconf 90' lang='lat' dir='ltr'><strong>men</strong></span> <span class='ocrx_word' id='word_1_36' title='bbox 161 657 186 702; x_wconf 88' lang='lat' dir='ltr'><strong>et</strong></span> <span class='ocrx_word' id='word_1_37' title='bbox 201 649 269 721; x_wconf 88' lang='lat' dir='ltr'><strong>lpse,</strong></span> <span class='ocrx_word' id='word_1_38' title='bbox 287 650 319 704; x_wconf 86' lang='lat' dir='ltr'><strong>ad</strong></span> <span class='ocrx_word' id='word_1_39' title='bbox 332 650 503 704; x_wconf 86' lang='lat' dir='ltr'><strong>imitationem</strong></span> <span class='ocrx_word' id='word_1_40' title='bbox 513 647 598 703; x_wconf 87' lang='lat' dir='ltr'><strong>fratris</strong></span> <span class='ocrx_word' id='word_1_41' title='bbox 608 647 746 720; x_wconf 77' lang='lat' dir='ltr'><strong>Asiagenis</strong></span> <span class='ocrx_word' id='word_1_42' title='bbox 756 646 791 719; x_wconf 71' lang='lat' dir='ltr'><strong>(Ar</strong></span> 
     </span>
     <span class='ocr_line' id='line_1_8' title="bbox 85 722 791 797; baseline -0.006 -19"><span class='ocrx_word' id='word_1_43' title='bbox 85 724 196 795; x_wconf 88' lang='lat' dir='ltr'><strong>accepit,</strong></span> <span class='ocrx_word' id='word_1_44' title='bbox 212 724 275 797; x_wconf 89' lang='lat' dir='ltr'><strong>quia</strong></span> <span class='ocrx_word' id='word_1_45' title='bbox 289 725 380 782; x_wconf 90' lang='lat' dir='ltr'><strong>Asiam</strong></span> <span class='ocrx_word' id='word_1_46' title='bbox 389 724 498 792; x_wconf 76' lang='lat' dir='ltr'><strong>vicerat3</strong></span> <span class='ocrx_word' id='word_1_47' title='bbox 520 723 587 777; x_wconf 88' lang='lat' dir='ltr'><strong>sicut</strong></span> <span class='ocrx_word' id='word_1_48' title='bbox 596 722 673 776; x_wconf 86' lang='lat' dir='ltr'><strong>frater</strong></span> <span class='ocrx_word' id='word_1_49' title='bbox 683 722 791 793; x_wconf 77' lang='lat' dir='ltr'><strong>ip&#39;siusy</strong></span> 
     </span>
     <span class='ocr_line' id='line_1_9' title="bbox 86 797 681 870; baseline -0.003 -18"><span class='ocrx_word' id='word_1_50' title='bbox 86 797 201 853; x_wconf 84' lang='lat' dir='ltr'><strong>Africam</strong></span> <span class='ocrx_word' id='word_1_51' title='bbox 211 800 337 855; x_wconf 85' lang='lat' dir='ltr'><strong>domitam</strong></span> <span class='ocrx_word' id='word_1_52' title='bbox 347 799 485 855; x_wconf 85' lang='lat' dir='ltr'><strong>Africanus</strong></span> <span class='ocrx_word' id='word_1_53' title='bbox 495 798 681 870; x_wconf 85' lang='lat' dir='ltr'><strong>appellabatur.</strong></span> 
     </span>
    </p>

    <p class='ocr_par' dir='ltr' id='par_1_3' title="bbox 86 871 792 1396">
     <span class='ocr_line' id='line_1_10' title="bbox 141 871 792 946; baseline -0.008 -17"><span class='ocrx_word' id='word_1_54' title='bbox 141 874 209 929; x_wconf 77' lang='lat' dir='ltr'><strong>Car.</strong></span> <span class='ocrx_word' id='word_1_55' title='bbox 230 875 262 931; x_wconf 92' lang='lat' dir='ltr'><strong>V.</strong></span> <span class='ocrx_word' id='word_1_56' title='bbox 283 874 377 946; x_wconf 89' lang='lat' dir='ltr'><strong>Spurio</strong></span> <span class='ocrx_word' id='word_1_57' title='bbox 391 875 523 929; x_wconf 89' lang='lat' dir='ltr'><strong>Postumio</strong></span> <span class='ocrx_word' id='word_1_58' title='bbox 540 873 648 936; x_wconf 79' lang='lat' dir='ltr'><strong>Albino,</strong></span> <span class='ocrx_word' id='word_1_59' title='bbox 664 871 696 937; x_wconf 87' lang='lat' dir='ltr'><strong>Q.</strong></span> <span class='ocrx_word' id='word_1_60' title='bbox 712 871 792 925; x_wconf 87' lang='lat' dir='ltr'><strong>Marci</strong></span> 
     </span>
     <span class='ocr_line' id='line_1_11' title="bbox 87 946 791 1023; baseline -0.009 -21"><span class='ocrx_word' id='word_1_61' title='bbox 87 948 254 1020; x_wconf 86' lang='lat' dir='ltr'><strong>lippoCoss.</strong></span> <span class='ocrx_word' id='word_1_62' title='bbox 267 947 301 1023; x_wconf 78' lang='lat' dir='ltr'><strong>[a.</strong></span> <span class='ocrx_word' id='word_1_63' title='bbox 314 947 411 1023; x_wconf 79' lang='lat' dir='ltr'><strong>n.-5tt.]</strong></span> <span class='ocrx_word' id='word_1_64' title='bbox 431 950 468 1004; x_wconf 88' lang='lat' dir='ltr'><strong>hl.</strong></span> <span class='ocrx_word' id='word_1_65' title='bbox 478 948 590 1003; x_wconf 87' lang='lat' dir='ltr'><strong>Fulvius</strong></span> <span class='ocrx_word' id='word_1_66' title='bbox 599 946 631 1001; x_wconf 94' lang='lat' dir='ltr'><strong>de</strong></span> <span class='ocrx_word' id='word_1_67' title='bbox 644 947 774 1001; x_wconf 84' lang='lat' dir='ltr'><strong>Aaronrs</strong></span> <span class='ocrx_word' id='word_1_68' title='bbox 787 956 791 996; x_wconf 84' lang='lat' dir='ltr'><strong>t</strong></span> 
     </span>
     <span class='ocr_line' id='line_1_12' title="bbox 86 1021 791 1095; baseline -0.004 -18"><span class='ocrx_word' id='word_1_69' title='bbox 86 1024 186 1095; x_wconf 85' lang='lat' dir='ltr'><strong>phavit.</strong></span> <span class='ocrx_word' id='word_1_70' title='bbox 226 1023 368 1089; x_wconf 82' lang='lat' dir='ltr'><strong>Hannibal,</strong></span> <span class='ocrx_word' id='word_1_71' title='bbox 395 1023 442 1094; x_wconf 88' lang='lat' dir='ltr'><strong>qui</strong></span> <span class='ocrx_word' id='word_1_72' title='bbox 461 1023 528 1076; x_wconf 91' lang='lat' dir='ltr'><strong>victo</strong></span> <span class='ocrx_word' id='word_1_73' title='bbox 545 1021 686 1086; x_wconf 91' lang='lat' dir='ltr'><strong>Antiocho,</strong></span> <span class='ocrx_word' id='word_1_74' title='bbox 705 1038 738 1074; x_wconf 93' lang='lat' dir='ltr'><strong>ne</strong></span> <span class='ocrx_word' id='word_1_75' title='bbox 756 1021 791 1075; x_wconf 86' lang='lat' dir='ltr'><strong>Ro</strong></span> 
     </span>
     <span class='ocr_line' id='line_1_13' title="bbox 86 1095 788 1170; baseline -0.004 -18"><span class='ocrx_word' id='word_1_76' title='bbox 86 1099 237 1162; x_wconf 87' lang='lat' dir='ltr'><strong>traderetur,</strong></span> <span class='ocrx_word' id='word_1_77' title='bbox 249 1097 282 1152; x_wconf 90' lang='lat' dir='ltr'><strong>ad</strong></span> <span class='ocrx_word' id='word_1_78' title='bbox 292 1098 421 1162; x_wconf 82' lang='lat' dir='ltr'><strong>Prusiam,</strong></span> <span class='ocrx_word' id='word_1_79' title='bbox 431 1097 568 1170; x_wconf 82' lang='lat' dir='ltr'><strong>Bithyniae</strong></span> <span class='ocrx_word' id='word_1_80' title='bbox 578 1114 677 1169; x_wconf 82' lang='lat' dir='ltr'><strong>regem,</strong></span> <span class='ocrx_word' id='word_1_81' title='bbox 687 1095 788 1169; x_wconf 82' lang='lat' dir='ltr'><strong>fugerat</strong></span> 
     </span>
     <span class='ocr_line' id='line_1_14' title="bbox 86 1171 791 1244; baseline 0 -18"><span class='ocrx_word' id='word_1_82' title='bbox 86 1172 149 1226; x_wconf 84' lang='lat' dir='ltr'><strong>titas</strong></span> <span class='ocrx_word' id='word_1_83' title='bbox 162 1173 239 1226; x_wconf 90' lang='lat' dir='ltr'><strong>etiam</strong></span> <span class='ocrx_word' id='word_1_84' title='bbox 250 1173 284 1227; x_wconf 90' lang='lat' dir='ltr'><strong>ab</strong></span> <span class='ocrx_word' id='word_1_85' title='bbox 294 1190 324 1228; x_wconf 92' lang='lat' dir='ltr'><strong>eo</strong></span> <span class='ocrx_word' id='word_1_86' title='bbox 333 1180 372 1227; x_wconf 89' lang='lat' dir='ltr'><strong>est</strong></span> <span class='ocrx_word' id='word_1_87' title='bbox 382 1190 427 1244; x_wconf 91' lang='lat' dir='ltr'><strong>per</strong></span> <span class='ocrx_word' id='word_1_88' title='bbox 437 1173 467 1226; x_wconf 91' lang='lat' dir='ltr'><strong>T.</strong></span> <span class='ocrx_word' id='word_1_89' title='bbox 480 1172 632 1238; x_wconf 86' lang='lat' dir='ltr'><strong>Quinctium</strong></span> <span class='ocrx_word' id='word_1_90' title='bbox 641 1171 791 1226; x_wconf 86' lang='lat' dir='ltr'><strong>Flaminino</strong></span> 
     </span>
     <span class='ocr_line' id='line_1_15' title="bbox 86 1245 791 1311; baseline -0.001 -10"><span class='ocrx_word' id='word_1_91' title='bbox 86 1264 147 1301; x_wconf 89' lang='lat' dir='ltr'><strong>eum</strong></span> <span class='ocrx_word' id='word_1_92' title='bbox 157 1247 299 1302; x_wconf 87' lang='lat' dir='ltr'><strong>tradendus</strong></span> <span class='ocrx_word' id='word_1_93' title='bbox 312 1247 436 1303; x_wconf 87' lang='lat' dir='ltr'><strong>Romanis</strong></span> <span class='ocrx_word' id='word_1_94' title='bbox 445 1255 524 1311; x_wconf 84' lang='lat' dir='ltr'><strong>esset,</strong></span> <span class='ocrx_word' id='word_1_95' title='bbox 542 1265 673 1302; x_wconf 88' lang='lat' dir='ltr'><strong>venenum</strong></span> <span class='ocrx_word' id='word_1_96' title='bbox 684 1245 764 1310; x_wconf 89' lang='lat' dir='ltr'><strong>bibit,</strong></span> <span class='ocrx_word' id='word_1_97' title='bbox 777 1263 791 1300; x_wconf 90' lang='lat' dir='ltr'><strong>e</strong></span> 
     </span>
     <span class='ocr_line' id='line_1_16' title="bbox 86 1321 791 1396; baseline -0.006 -18"><span class='ocrx_word' id='word_1_98' title='bbox 86 1322 236 1396; x_wconf 89' lang='lat' dir='ltr'><strong>Lybissam,</strong></span> <span class='ocrx_word' id='word_1_99' title='bbox 249 1323 277 1378; x_wconf 92' lang='lat' dir='ltr'><strong>in</strong></span> <span class='ocrx_word' id='word_1_100' title='bbox 287 1322 387 1378; x_wconf 86' lang='lat' dir='ltr'><strong>finibus</strong></span> <span class='ocrx_word' id='word_1_101' title='bbox 397 1322 645 1386; x_wconf 87' lang='lat' dir='ltr'><strong>Nicomediensium,</strong></span> <span class='ocrx_word' id='word_1_102' title='bbox 657 1321 791 1391; x_wconf 66' lang='lat' dir='ltr'><strong>sepultus«</strong></span> 
     </span>
    </p>

    <p class='ocr_par' dir='ltr' id='par_1_4' title="bbox 85 1395 791 2744">
     <span class='ocr_line' id='line_1_17' title="bbox 141 1395 791 1472; baseline -0.003 -20"><span class='ocrx_word' id='word_1_103' title='bbox 141 1397 209 1452; x_wconf 78' lang='lat' dir='ltr'><strong>Car.</strong></span> <span class='ocrx_word' id='word_1_104' title='bbox 229 1398 273 1454; x_wconf 89' lang='lat' dir='ltr'><strong>VI.</strong></span> <span class='ocrx_word' id='word_1_105' title='bbox 294 1399 357 1472; x_wconf 79' lang='grc' dir='ltr'>(ΠΙ.)</span> <span class='ocrx_word' id='word_1_106' title='bbox 376 1397 497 1469; x_wconf 89' lang='lat' dir='ltr'><strong>Philippo</strong></span> <span class='ocrx_word' id='word_1_107' title='bbox 516 1415 575 1470; x_wconf 80' lang='lat' dir='ltr'><strong>rege</strong></span> <span class='ocrx_word' id='word_1_108' title='bbox 588 1395 751 1452; x_wconf 83' lang='lat' dir='ltr'><strong>Macedoniae</strong></span> <span class='ocrx_word' id='word_1_109' title='bbox 768 1414 791 1450; x_wconf 94' lang='lat' dir='ltr'><strong>m</strong></span> 
     </span>
     <span class='ocr_line' id='line_1_18' title="bbox 86 1471 782 1545; baseline -0.004 -18"><span class='ocrx_word' id='word_1_110' title='bbox 86 1473 134 1545; x_wconf 89' lang='lat' dir='ltr'><strong>qul</strong></span> <span class='ocrx_word' id='word_1_111' title='bbox 156 1482 180 1527; x_wconf 91' lang='lat' dir='ltr'><strong>et</strong></span> <span class='ocrx_word' id='word_1_112' title='bbox 194 1473 333 1528; x_wconf 84' lang='lat' dir='ltr'><strong>adversum</strong></span> <span class='ocrx_word' id='word_1_113' title='bbox 348 1475 477 1527; x_wconf 87' lang='lat' dir='ltr'><strong>Romanos</strong></span> <span class='ocrx_word' id='word_1_114' title='bbox 497 1471 596 1526; x_wconf 89' lang='lat' dir='ltr'><strong>bellum</strong></span> <span class='ocrx_word' id='word_1_115' title='bbox 610 1479 738 1545; x_wconf 82' lang='lat' dir='ltr'><strong>gesserat,</strong></span> <span class='ocrx_word' id='word_1_116' title='bbox 757 1479 782 1525; x_wconf 95' lang='lat' dir='ltr'><strong>et</strong></span> 
     </span>
     <span class='ocr_line' id='line_1_19' title="bbox 85 1545 791 1611; baseline -0.003 -9"><span class='ocrx_word' id='word_1_117' title='bbox 85 1548 211 1602; x_wconf 87' lang='lat' dir='ltr'><strong>Romanis</strong></span> <span class='ocrx_word' id='word_1_118' title='bbox 223 1556 310 1602; x_wconf 81' lang='lat' dir='ltr'><strong>mntra</strong></span> <span class='ocrx_word' id='word_1_119' title='bbox 319 1548 477 1602; x_wconf 89' lang='lat' dir='ltr'><strong>Antiochum</strong></span> <span class='ocrx_word' id='word_1_120' title='bbox 487 1545 617 1600; x_wconf 82' lang='lat' dir='ltr'><strong>auxilium</strong></span> <span class='ocrx_word' id='word_1_121' title='bbox 630 1545 732 1611; x_wconf 91' lang='lat' dir='ltr'><strong>tulerat,</strong></span> <span class='ocrx_word' id='word_1_122' title='bbox 744 1546 791 1600; x_wconf 79' lang='lat' dir='ltr'><strong>filit</strong></span> 
     </span>
     <span class='ocr_line' id='line_1_20' title="bbox 86 1619 791 1694; baseline 0.001 -18"><span class='ocrx_word' id='word_1_123' title='bbox 86 1623 223 1677; x_wconf 83' lang='lat' dir='ltr'><strong>Pansnos</strong></span> <span class='ocrx_word' id='word_1_124' title='bbox 243 1623 270 1677; x_wconf 94' lang='lat' dir='ltr'><strong>in</strong></span> <span class='ocrx_word' id='word_1_125' title='bbox 284 1621 431 1677; x_wconf 88' lang='lat' dir='ltr'><strong>Macedonia</strong></span> <span class='ocrx_word' id='word_1_126' title='bbox 441 1619 585 1685; x_wconf 86' lang='lat' dir='ltr'><strong>rebellavit,</strong></span> <span class='ocrx_word' id='word_1_127' title='bbox 597 1621 747 1694; x_wconf 82' lang='lat' dir='ltr'><strong>ingentibus</strong></span> <span class='ocrx_word' id='word_1_128' title='bbox 757 1639 791 1693; x_wconf 65' lang='lat' dir='ltr'><strong>co]</strong></span> 
     </span>
     <span class='ocr_line' id='line_1_21' title="bbox 85 1696 785 1770; baseline 0.001 -20"><span class='ocrx_word' id='word_1_129' title='bbox 85 1696 185 1750; x_wconf 89' lang='lat' dir='ltr'><strong>bellum</strong></span> <span class='ocrx_word' id='word_1_130' title='bbox 200 1697 306 1767; x_wconf 90' lang='lat' dir='ltr'><strong>paratis.</strong></span> <span class='ocrx_word' id='word_1_131' title='bbox 345 1698 411 1750; x_wconf 93' lang='lat' dir='ltr'><strong>Nam</strong></span> <span class='ocrx_word' id='word_1_132' title='bbox 425 1696 555 1751; x_wconf 88' lang='lat' dir='ltr'><strong>adiutores</strong></span> <span class='ocrx_word' id='word_1_133' title='bbox 565 1696 676 1751; x_wconf 87' lang='lat' dir='ltr'><strong>habebat</strong></span> <span class='ocrx_word' id='word_1_134' title='bbox 686 1696 785 1770; x_wconf 85' lang='lat' dir='ltr'><strong>Cotyn,</strong></span> 
     </span>
     <span class='ocr_line' id='line_1_22' title="bbox 85 1770 791 1844; baseline 0.003 -20"><span class='ocrx_word' id='word_1_135' title='bbox 85 1771 140 1824; x_wconf 90' lang='lat' dir='ltr'><strong>ciae</strong></span> <span class='ocrx_word' id='word_1_136' title='bbox 158 1788 258 1844; x_wconf 82' lang='lat' dir='ltr'><strong>regem,</strong></span> <span class='ocrx_word' id='word_1_137' title='bbox 280 1779 305 1825; x_wconf 91' lang='lat' dir='ltr'><strong>et</strong></span> <span class='ocrx_word' id='word_1_138' title='bbox 323 1770 435 1844; x_wconf 86' lang='lat' dir='ltr'><strong>lllyrici,</strong></span> <span class='ocrx_word' id='word_1_139' title='bbox 457 1770 582 1826; x_wconf 87' lang='lat' dir='ltr'><strong>Gentium</strong></span> <span class='ocrx_word' id='word_1_140' title='bbox 602 1772 717 1826; x_wconf 88' lang='lat' dir='ltr'><strong>nomine.</strong></span> <span class='ocrx_word' id='word_1_141' title='bbox 757 1773 791 1826; x_wconf 81' lang='lat' dir='ltr'><strong>ile</strong></span> 
     </span>
     <span class='ocr_line' id='line_1_23' title="bbox 86 1845 791 1912; baseline 0.003 -13"><span class='ocrx_word' id='word_1_142' title='bbox 86 1853 173 1900; x_wconf 88' lang='lat' dir='ltr'><strong>autem</strong></span> <span class='ocrx_word' id='word_1_143' title='bbox 182 1846 209 1900; x_wconf 89' lang='lat' dir='ltr'><strong>in</strong></span> <span class='ocrx_word' id='word_1_144' title='bbox 220 1845 350 1901; x_wconf 89' lang='lat' dir='ltr'><strong>auxilium</strong></span> <span class='ocrx_word' id='word_1_145' title='bbox 360 1846 577 1912; x_wconf 86' lang='lat' dir='ltr'><strong>erantEumenes,</strong></span> <span class='ocrx_word' id='word_1_146' title='bbox 585 1848 661 1902; x_wconf 86' lang='lat' dir='ltr'><strong>Asiae</strong></span> <span class='ocrx_word' id='word_1_147' title='bbox 670 1864 725 1911; x_wconf 89' lang='lat' dir='ltr'><strong>rex,</strong></span> <span class='ocrx_word' id='word_1_148' title='bbox 733 1846 791 1901; x_wconf 89' lang='lat' dir='ltr'><strong>Aria</strong></span> 
     </span>
     <span class='ocr_line' id='line_1_24' title="bbox 85 1920 791 1995; baseline 0.001 -20"><span class='ocrx_word' id='word_1_149' title='bbox 85 1920 275 1992; x_wconf 86' lang='lat' dir='ltr'><strong>Cappadociae,</strong></span> <span class='ocrx_word' id='word_1_150' title='bbox 296 1920 440 1976; x_wconf 89' lang='lat' dir='ltr'><strong>Antiochus</strong></span> <span class='ocrx_word' id='word_1_151' title='bbox 459 1921 564 1995; x_wconf 81' lang='lat' dir='ltr'><strong>Syriae,</strong></span> <span class='ocrx_word' id='word_1_152' title='bbox 585 1922 791 1976; x_wconf 85' lang='lat' dir='ltr'><strong>PtolemaeusAe</strong></span> 
     </span>
     <span class='ocr_line' id='line_1_25' title="bbox 86 1995 791 2070; baseline -0.001 -20"><span class='ocrx_word' id='word_1_153' title='bbox 86 1995 223 2050; x_wconf 80' lang='lat' dir='ltr'><strong>Masinissa</strong></span> <span class='ocrx_word' id='word_1_154' title='bbox 235 1996 383 2050; x_wconf 86' lang='lat' dir='ltr'><strong>Numidiae.</strong></span> <span class='ocrx_word' id='word_1_155' title='bbox 416 1997 522 2051; x_wconf 87' lang='lat' dir='ltr'><strong>Prusias</strong></span> <span class='ocrx_word' id='word_1_156' title='bbox 532 2006 618 2052; x_wconf 83' lang='lat' dir='ltr'><strong>autem</strong></span> <span class='ocrx_word' id='word_1_157' title='bbox 628 1997 775 2070; x_wconf 90' lang='lat' dir='ltr'><strong>Bithyniae,</strong></span> <span class='ocrx_word' id='word_1_158' title='bbox 788 2019 791 2048; x_wconf 82' lang='grc' dir='ltr'>ι</span> 
     </span>
     <span class='ocr_line' id='line_1_26' title="bbox 86 2071 786 2143; baseline 0.004 -20"><span class='ocrx_word' id='word_1_159' title='bbox 86 2086 167 2141; x_wconf 88' lang='lat' dir='ltr'><strong>quam</strong></span> <span class='ocrx_word' id='word_1_160' title='bbox 178 2087 290 2124; x_wconf 89' lang='lat' dir='ltr'><strong>sororem</strong></span> <span class='ocrx_word' id='word_1_161' title='bbox 307 2071 392 2125; x_wconf 89' lang='lat' dir='ltr'><strong>Persei</strong></span> <span class='ocrx_word' id='word_1_162' title='bbox 406 2089 515 2126; x_wconf 86' lang='lat' dir='ltr'><strong>uxorem</strong></span> <span class='ocrx_word' id='word_1_163' title='bbox 530 2073 649 2138; x_wconf 85' lang='lat' dir='ltr'><strong>haberet,</strong></span> <span class='ocrx_word' id='word_1_164' title='bbox 666 2073 786 2143; x_wconf 89' lang='lat' dir='ltr'><strong>utrisque</strong></span> 
     </span>
     <span class='ocr_line' id='line_1_27' title="bbox 85 2146 791 2216; baseline 0.004 -18"><span class='ocrx_word' id='word_1_165' title='bbox 85 2161 171 2215; x_wconf 90' lang='lat' dir='ltr'><strong>quum</strong></span> <span class='ocrx_word' id='word_1_166' title='bbox 190 2146 319 2216; x_wconf 85' lang='lat' dir='ltr'><strong>praebuit.</strong></span> <span class='ocrx_word' id='word_1_167' title='bbox 358 2147 418 2201; x_wconf 85' lang='lat' dir='ltr'><strong>Dux</strong></span> <span class='ocrx_word' id='word_1_168' title='bbox 436 2148 612 2203; x_wconf 85' lang='lat' dir='ltr'><strong>Romanorum</strong></span> <span class='ocrx_word' id='word_1_169' title='bbox 631 2149 660 2201; x_wconf 90' lang='lat' dir='ltr'><strong>P.</strong></span> <span class='ocrx_word' id='word_1_170' title='bbox 678 2147 791 2201; x_wconf 79' lang='lat' dir='ltr'><strong>Licinius</strong></span> 
     </span>
     <span class='ocr_line' id='line_1_28' title="bbox 87 2217 791 2349; baseline 0.004 -77"><span class='ocrx_word' id='word_1_171' title='bbox 87 2217 123 2294; x_wconf 80' lang='lat' dir='ltr'><strong>[A.</strong></span> <span class='ocrx_word' id='word_1_172' title='bbox 133 2239 159 2275; x_wconf 91' lang='lat' dir='ltr'><strong>o.</strong></span> <span class='ocrx_word' id='word_1_173' title='bbox 171 2217 329 2349; x_wconf 48' lang='lat' dir='ltr'><strong>581.y{contra</strong></span> <span class='ocrx_word' id='word_1_174' title='bbox 338 2238 399 2276; x_wconf 91' lang='lat' dir='ltr'><strong>eum</strong></span> <span class='ocrx_word' id='word_1_175' title='bbox 410 2222 508 2277; x_wconf 87' lang='lat' dir='ltr'><strong>missus</strong></span> <span class='ocrx_word' id='word_1_176' title='bbox 518 2231 565 2288; x_wconf 87' lang='lat' dir='ltr'><strong>est,</strong></span> <span class='ocrx_word' id='word_1_177' title='bbox 573 2231 620 2278; x_wconf 89' lang='lat' dir='ltr'><strong>eta</strong></span> <span class='ocrx_word' id='word_1_178' title='bbox 631 2240 691 2295; x_wconf 77' lang='lat' dir='ltr'><strong>rege</strong></span> <span class='ocrx_word' id='word_1_179' title='bbox 700 2223 791 2294; x_wconf 75' lang='lat' dir='ltr'><strong>gravi]</strong></span> 
     </span>
     <span class='ocr_line' id='line_1_29' title="bbox 85 2294 791 2370; baseline 0.004 -23"><span class='ocrx_word' id='word_1_180' title='bbox 85 2294 181 2349; x_wconf 87' lang='lat' dir='ltr'><strong>victus.</strong></span> <span class='ocrx_word' id='word_1_181' title='bbox 244 2313 311 2368; x_wconf 89' lang='lat' dir='ltr'><strong>eque</strong></span> <span class='ocrx_word' id='word_1_182' title='bbox 327 2304 413 2351; x_wconf 85' lang='lat' dir='ltr'><strong>tamen</strong></span> <span class='ocrx_word' id='word_1_183' title='bbox 428 2297 552 2362; x_wconf 84' lang='lat' dir='ltr'><strong>Romani,</strong></span> <span class='ocrx_word' id='word_1_184' title='bbox 573 2314 735 2370; x_wconf 89' lang='lat' dir='ltr'><strong>quamquam</strong></span> <span class='ocrx_word' id='word_1_185' title='bbox 756 2315 791 2368; x_wconf 71' lang='lat' dir='ltr'><strong>suj</strong></span> 
     </span>
     <span class='ocr_line' id='line_1_30' title="bbox 86 2371 781 2445; baseline 0.001 -22"><span class='ocrx_word' id='word_1_186' title='bbox 86 2371 141 2444; x_wconf 76' lang='lat' dir='ltr'><strong>regi</strong></span> <span class='ocrx_word' id='word_1_187' title='bbox 156 2372 251 2442; x_wconf 91' lang='lat' dir='ltr'><strong>petenti</strong></span> <span class='ocrx_word' id='word_1_188' title='bbox 266 2390 355 2443; x_wconf 88' lang='lat' dir='ltr'><strong>pacem</strong></span> <span class='ocrx_word' id='word_1_189' title='bbox 368 2381 496 2445; x_wconf 88' lang='lat' dir='ltr'><strong>praestare</strong></span> <span class='ocrx_word' id='word_1_190' title='bbox 509 2371 660 2433; x_wconf 89' lang='lat' dir='ltr'><strong>voluerunt,</strong></span> <span class='ocrx_word' id='word_1_191' title='bbox 677 2371 781 2425; x_wconf 88' lang='lat' dir='ltr'><strong>nisibis</strong></span> 
     </span>
     <span class='ocr_line' id='line_1_31' title="bbox 86 2445 791 2515; baseline 0.003 -17"><span class='ocrx_word' id='word_1_192' title='bbox 86 2445 215 2500; x_wconf 83' lang='lat' dir='ltr'><strong>tionibus:</strong></span> <span class='ocrx_word' id='word_1_193' title='bbox 237 2457 266 2501; x_wconf 87' lang='lat' dir='ltr'><strong>ct</strong></span> <span class='ocrx_word' id='word_1_194' title='bbox 279 2465 305 2502; x_wconf 81' lang='lat' dir='ltr'><strong>aa</strong></span> <span class='ocrx_word' id='word_1_195' title='bbox 319 2458 342 2502; x_wconf 85' lang='lat' dir='ltr'><strong>et</strong></span> <span class='ocrx_word' id='word_1_196' title='bbox 355 2465 416 2502; x_wconf 82' lang='lat' dir='ltr'><strong>auor</strong></span> <span class='ocrx_word' id='word_1_197' title='bbox 427 2452 530 2502; x_wconf 77' lang='lat' dir='ltr'><strong>senatui</strong></span> <span class='ocrx_word' id='word_1_198' title='bbox 543 2456 566 2500; x_wconf 87' lang='lat' dir='ltr'><strong>et</strong></span> <span class='ocrx_word' id='word_1_199' title='bbox 579 2451 673 2515; x_wconf 81' lang='lat' dir='ltr'><strong>populo</strong></span> <span class='ocrx_word' id='word_1_200' title='bbox 687 2448 755 2501; x_wconf 84' lang='lat' dir='ltr'><strong>llom.</strong></span> <span class='ocrx_word' id='word_1_201' title='bbox 771 2452 791 2501; x_wconf 72' lang='lat' dir='ltr'><strong>dt</strong></span> 
     </span>
     <span class='ocr_line' id='line_1_32' title="bbox 86 2520 791 2577; baseline 0.003 -3"><span class='ocrx_word' id='word_1_202' title='bbox 86 2520 147 2574; x_wconf 80' lang='lat' dir='ltr'><strong>Mox</strong></span> <span class='ocrx_word' id='word_1_203' title='bbox 162 2522 260 2575; x_wconf 88' lang='lat' dir='ltr'><strong>missus</strong></span> <span class='ocrx_word' id='word_1_204' title='bbox 270 2529 357 2576; x_wconf 89' lang='lat' dir='ltr'><strong>contra</strong></span> <span class='ocrx_word' id='word_1_205' title='bbox 371 2538 431 2576; x_wconf 91' lang='lat' dir='ltr'><strong>eum</strong></span> <span class='ocrx_word' id='word_1_206' title='bbox 443 2523 473 2576; x_wconf 92' lang='lat' dir='ltr'><strong>L.</strong></span> <span class='ocrx_word' id='word_1_207' title='bbox 488 2521 617 2575; x_wconf 88' lang='lat' dir='ltr'><strong>Aemilius</strong></span> <span class='ocrx_word' id='word_1_208' title='bbox 631 2521 737 2577; x_wconf 88' lang='lat' dir='ltr'><strong>Paullus</strong></span> <span class='ocrx_word' id='word_1_209' title='bbox 758 2521 791 2577; x_wconf 78' lang='lat' dir='ltr'><strong>Cr</strong></span> 
     </span>
     <span class='ocr_line' id='line_1_33' title="bbox 87 2594 791 2670; baseline 0.004 -21"><span class='ocrx_word' id='word_1_210' title='bbox 87 2612 112 2649; x_wconf 90' lang='lat' dir='ltr'><strong>o.</strong></span> <span class='ocrx_word' id='word_1_211' title='bbox 130 2594 189 2670; x_wconf 62' lang='lat' dir='ltr'><strong>aab]</strong></span> <span class='ocrx_word' id='word_1_212' title='bbox 204 2604 229 2650; x_wconf 90' lang='lat' dir='ltr'><strong>et</strong></span> <span class='ocrx_word' id='word_1_213' title='bbox 243 2597 269 2651; x_wconf 92' lang='lat' dir='ltr'><strong>in</strong></span> <span class='ocrx_word' id='word_1_214' title='bbox 286 2595 420 2669; x_wconf 85' lang='lat' dir='ltr'><strong>lllyrlcum</strong></span> <span class='ocrx_word' id='word_1_215' title='bbox 435 2596 464 2651; x_wconf 87' lang='lat' dir='ltr'><strong>C.</strong></span> <span class='ocrx_word' id='word_1_216' title='bbox 481 2596 591 2650; x_wconf 87' lang='lat' dir='ltr'><strong>Anicius</strong></span> <span class='ocrx_word' id='word_1_217' title='bbox 604 2604 791 2668; x_wconf 79' lang='lat' dir='ltr'><strong>praetorcontrr</strong></span> 
     </span>
     <span class='ocr_line' id='line_1_34' title="bbox 87 2669 791 2744; baseline 0.009 -22"><span class='ocrx_word' id='word_1_218' title='bbox 87 2669 163 2725; x_wconf 92' lang='lat' dir='ltr'><strong>tium.</strong></span> <span class='ocrx_word' id='word_1_219' title='bbox 202 2670 253 2726; x_wconf 89' lang='lat' dir='ltr'><strong>Sed</strong></span> <span class='ocrx_word' id='word_1_220' title='bbox 270 2670 379 2726; x_wconf 76' lang='lat' dir='ltr'><strong>Genhus</strong></span> <span class='ocrx_word' id='word_1_221' title='bbox 393 2669 467 2725; x_wconf 89' lang='lat' dir='ltr'><strong>lacile</strong></span> <span class='ocrx_word' id='word_1_222' title='bbox 479 2687 534 2726; x_wconf 96' lang='lat' dir='ltr'><strong>uno</strong></span> <span class='ocrx_word' id='word_1_223' title='bbox 546 2673 643 2744; x_wconf 86' lang='lat' dir='ltr'><strong>proelio</strong></span> <span class='ocrx_word' id='word_1_224' title='bbox 658 2671 754 2738; x_wconf 86' lang='lat' dir='ltr'><strong>victus,</strong></span> <span class='ocrx_word' id='word_1_225' title='bbox 776 2688 791 2728; x_wconf 89' lang='lat' dir='ltr'><strong>n</strong></span> 
     </span>
    </p>
   </div>
   <div class='ocr_carea' id='block_1_3' title="bbox 0 0 959 3330">
    <p class='ocr_par' dir='ltr' id='par_1_5' title="bbox 0 0 959 3330">
     <span class='ocr_line' id='line_1_35' title="bbox 0 0 959 3330; baseline 0 0"><span class='ocrx_word' id='word_1_226' title='bbox 0 0 959 3330; x_wconf 95' lang='lat' dir='ltr'><strong> </strong></span> 
     </span>
    </p>
   </div>
  </div>
 </body>
</html>
