1906 3330
88 195 120 247 26
389 199 579 248 EUTROPII

88 300 233 356 interfectae
251 308 325 368 sunt;
346 317 474 374 magnum
494 299 597 372 pondus
613 298 670 354 auri
686 306 729 371 atq

88 375 197 431 Romam
213 374 332 430 relatum.
370 376 494 429 Postbaec
505 373 633 429 Hannibal
644 373 731 428 dilfide

87 451 171 521 coepit
182 458 285 504 eventu.
324 449 448 503 Romanis
459 450 552 522 ingens
562 449 665 504 animus
676 466 731 502 acce

88 541 140 595 que
161 535 186 578 et
209 525 259 595 ipsi
283 534 456 578 evocaverunt
478 542 512 578 ex
533 525 656 594 Hispania
680 524 709 576 P.
730 538 731 564 t

87 598 245 669 Scipionem.
267 597 302 674 [n.
317 619 343 655 u.
359 597 419 673 tta]
445 601 470 653 ls
487 601 595 653 Romam
609 616 670 652 cum
684 597 730 670 ing

90 673 169 727 veuit.

142 747 210 804 Cae.
230 748 306 803 XIX.
325 747 358 815 Q.
369 747 488 813 Caecilio,
501 749 528 802 L.
539 747 640 803 Valerio
649 747 731 802 Coss.

87 838 178 876 omnes
188 823 315 888 civitates,
327 841 394 894 quae
405 823 431 877 in
441 823 548 877 Bruttiis
558 823 591 876 ab
603 820 731 876 Hannibal

87 905 139 963 tur,
152 898 276 952 Romanis
286 915 314 952 se
323 898 493 952 tradiderunt.

142 972 210 1026 Gna.
231 973 294 1025 XX.
314 971 382 1044 (xl)
400 973 476 1026 Auno
491 973 552 1027 xlv
564 979 634 1042 post,
649 989 729 1043 quam

87 1046 216 1100 Hannibal
230 1054 346 1111 venerat,
363 1045 462 1117 Scipio,
482 1047 529 1117 qui
545 1045 625 1099 multa
641 1046 667 1100 in
680 1046 731 1116 His}

87 1127 181 1192 egerat,
188 1120 278 1175 consul
288 1129 326 1174 est
336 1118 426 1184 iactus,
433 1129 458 1175 et
467 1121 494 1174 in
505 1119 618 1175 Africam
628 1121 726 1174 missus

87 1195 130 1248 oui
144 1194 201 1250 viro
214 1195 335 1250 divinum
349 1195 475 1267 quiddam
490 1196 574 1249 inesse
588 1196 731 1250 existimab:

86 1276 117 1323 ut
129 1277 263 1340 putaretur
275 1271 352 1325 etiam
366 1287 426 1325 cum
440 1271 597 1325 numinibus
612 1271 707 1324 habere
721 1288 731 1323 s

87 1344 149 1399 Isin
160 1343 246 1400 Africa
255 1353 342 1401 contra
352 1347 514 1411 Hannonem,
527 1346 619 1400 ducem
630 1344 731 1400 Afrorur

86 1420 230 1475 exercitum
243 1422 300 1475 eius
314 1421 443 1476 interficit.
482 1421 601 1476 Secundo
615 1420 731 1491 proelioc

87 1510 148 1548 cum
158 1503 269 1567 quatuor
279 1494 398 1550 millibus
406 1508 430 1551 et
440 1497 591 1568 quingentis
601 1495 729 1548 militibus

86 1568 137 1622 bus
151 1569 252 1622 occisis.
270 1567 305 1644 [n.
319 1589 345 1625 u.
360 1568 420 1643 ete]
441 1571 600 1643 Syphacem,
622 1570 729 1623 Numidi

86 1642 133 1712 qui
148 1660 176 1697 se
190 1642 260 1697 Afris
272 1644 454 1709 coniunxerat,
471 1646 551 1715 capit,
567 1653 592 1698 et
605 1655 687 1698 castra
700 1646 731 1698 eir

86 1715 208 1788 Syphax,
224 1733 285 1771 curn
299 1718 469 1773 nobilissimis
483 1720 605 1774 Numidis
620 1728 645 1774 et
657 1720 731 1773 infini

86 1790 196 1845 Romam
215 1791 248 1847 ab
262 1791 381 1863 Scipione
400 1793 519 1849 mittitur.
559 1794 656 1860 Quare
671 1795 731 1848 audi

86 1863 138 1919 lere
146 1865 220 1920 ltalia
229 1866 400 1921 Hannibalem
410 1867 512 1922 deserit.
533 1869 731 1941 lpseaCartbag

86 1939 170 1994 redire
179 1941 206 2004 in
217 1940 332 1995 Africam
342 1941 454 2006 iubetur,
465 1960 546 2014 quam
556 1943 642 2014 Scipio
653 1945 731 1998 vastal

140 2012 207 2069 Car.
229 2016 303 2070 XXI.
323 2018 361 2071 lta
374 2033 442 2071 anno
452 2017 524 2071 XVll
534 2018 567 2072 ab
578 2014 722 2072 Hannibale

86 2094 140 2141 rata
158 2096 206 2142 est.
227 2087 262 2163 [a.
280 2109 305 2146 u.
327 2088 387 2176 eeu]
415 2091 494 2165 (xli.)
513 2094 601 2165 Legati
622 2093 731 2166 Carthag

85 2178 173 2232 pacem
185 2161 324 2235 aScipione
334 2173 493 2235 petiverunt3
515 2168 547 2221 ab
557 2186 587 2222 eo
596 2168 628 2222 ad
639 2176 729 2222 senatu

86 2236 160 2290 missi
179 2246 254 2306 sunt;
275 2239 447 2313 quadraginta
465 2249 490 2296 et
509 2243 628 2314 quinque
647 2242 731 2296 dicbus

85 2309 159 2365 datae
168 2320 244 2377 sunt,
255 2330 394 2385 quousque
402 2316 511 2370 Romam
523 2317 560 2370 ire
571 2326 595 2370 et
605 2317 704 2388 regredi
714 2336 731 2387 p

85 2386 166 2444 XXX
179 2386 260 2441 millia
271 2388 356 2459 pondo
367 2391 465 2461 argenti
479 2391 512 2444 ab
522 2391 564 2445 his
577 2401 677 2461 accepta
688 2410 731 2445 sur

86 2468 128 2514 tus
138 2478 171 2515 ex
179 2461 285 2516 arbitrio
293 2462 421 2535 Scipionis
431 2482 519 2536 pacem
530 2466 607 2518 iussit
615 2483 674 2518 oum
680 2466 730 2520 Car

85 2536 160 2589 sibus
171 2536 236 2590 lieri.
274 2535 360 2608 Scipio
369 2538 411 2591 his
421 2539 613 2594 conditionibus
623 2539 702 2605 dedit,
715 2559 731 2595 a

85 2627 163 2679 quum
172 2611 356 2675 XXXnooea
368 2615 501 2680 boberant;
520 2623 549 2667 ut
559 2615 583 2667 D
592 2618 731 2684 militopoa

85 2688 191 2755 durent5
212 2692 326 2755 captivos
338 2692 644 2757 etpersapaeredderent.
