1906 3330
68 202 71 207 '
85 197 116 249 46
385 196 576 243 EUTROPII

84 301 168 355 millia
188 299 303 354 militum
317 296 432 363 habens,
453 297 489 351 ita
504 296 579 360 vicit,
600 301 630 350 ut
643 312 770 368 magnam
783 302 887 368 partem

84 374 270 430 Armeniorum
289 370 421 425 deleverit.
461 370 524 425 lnda
537 370 643 424 Nisibin
661 369 807 441 proiectus,
825 386 885 427 eam

85 465 191 521 quoque
203 449 335 501 civitatem
344 462 405 500 cum
415 446 485 518 regis
495 444 572 499 iratre
581 444 657 515 cepit.
669 443 705 519 [s.
717 464 743 500 u.
756 443 819 519 est]
833 442 882 501 Sed

85 523 128 586 hi,
149 538 216 592 quos
234 521 261 573 in
275 521 357 574 Ponto
370 519 498 574 Lucullus
512 518 663 590 reliquerat,
678 535 739 573 cum
753 520 881 575 exercitus

85 602 169 667 parte,
186 601 215 650 ut
229 594 348 665 regiones
361 593 443 648 victas
457 593 535 647 etiam
549 594 725 646 Romanomm
736 599 879 659 tuerentur,

86 668 247 741 negligenter
257 685 285 721 se
294 675 319 721 et
328 685 406 724 avare
415 674 535 740 agentes,
551 666 711 720 occasionem
725 667 822 722 iterum
833 666 882 721 idi-

87 742 193 796 tbridati
203 742 231 796 in
242 743 354 796 Pontum
363 739 527 811 irrumpendi
542 740 677 804 dederunt,
689 748 769 811 atque
783 741 818 795 ita
828 738 882 795 bel-

87 817 143 871 lum
152 823 304 870 renovatum
315 823 363 869 est.
374 814 485 870 Lucullo
494 815 605 886 paranti,
612 823 686 883 capta
691 813 881 879 Nisibi,contm

87 890 178 945 Persas
187 889 389 960 expeditionem,
401 905 535 943 successor
543 896 582 942 est
592 888 699 941 missus.
717 884 752 961 [a.
764 907 791 942 u.
803 884 864 961 tte]

142 964 211 1018 Car.
232 963 268 1015 X.
289 961 376 1032 (VIII.)
395 960 466 1014 Alter
480 970 566 1015 autem
581 960 721 1027 Lucullus,
737 962 786 1032 qui
800 962 884 1017 Mace·

87 1037 194 1091 doniam
208 1035 420 1097 administrabat,
436 1035 521 1087 Bessis
536 1035 638 1104 primus
651 1036 830 1090 Romanorum
843 1035 883 1090 in-

87 1110 147 1164 tulit
161 1107 274 1170 beilum,
291 1115 369 1178 atque
382 1124 425 1161 eos
435 1108 535 1180 ingenti
545 1108 643 1178 proelio
652 1108 679 1162 in
691 1109 788 1163 Haemo
798 1116 884 1163 monte

88 1182 234 1254 superavit:
255 1181 383 1251 oppidum
401 1181 591 1247 Uscudamam,
612 1183 684 1253 quod
697 1183 769 1236 bessi
783 1183 884 1238 habite-

88 1258 163 1319 bant,
185 1255 276 1310 eodem
294 1255 350 1320 die,
372 1273 426 1326 quo
442 1263 649 1328 aggressusest,
670 1256 746 1323 vioit;
768 1255 884 1331 Cabylen

89 1330 169 1402 cepit;
191 1347 277 1401 usque
286 1330 437 1384 Danubium
448 1331 601 1401 penetravit.
625 1329 883 1401 lndemultassupre

90 1406 201 1460 Pontum
211 1404 308 1475 positas
317 1404 433 1459 civitates
442 1412 639 1477 aggressusest.
657 1403 714 1458 lllic
720 1402 885 1474 Apolloniam

89 1480 193 1546 evertit;
214 1478 329 1542 Calatin,
345 1478 554 1548 Parthenopolin,
566 1480 670 1543 Tomos,
681 1478 809 1543 Histrum,
820 1478 886 1533 Bur·

90 1554 207 1607 ziaonem
217 1553 293 1622 cepit,
305 1551 426 1622 belloque
435 1550 557 1615 coniecto,
569 1553 680 1605 Romam
689 1551 776 1606 rediit.
800 1551 886 1607 Ambo

90 1635 176 1680 tamon
186 1626 428 1695 triumphaverunt:
450 1624 585 1691 Lucullus,
596 1625 886 1696 quioontrabiithridt-

90 1708 132 1753 ten
143 1706 314 1770 pugnaverat,
326 1698 418 1752 maiori
428 1697 520 1770 gloria,
532 1716 594 1753 oum
603 1707 735 1754 tantorum
745 1716 885 1774 regnorum

91 1774 172 1826 victor
181 1772 299 1826 redisset.

145 1847 214 1901 Car.
228 1847 277 1900 xl.
292 1844 359 1918 (tx.)
373 1843 493 1900 Confecto
502 1845 571 1900 bello
581 1846 754 1912 Macedonico,
765 1854 887 1903 manente

90 1920 278 1984 Mithridatico,
300 1918 384 1991 quod,
406 1918 539 1974 recedente
557 1920 681 1986 Lucullo,
705 1938 753 1976 rex
773 1920 886 1977 collectis

90 1994 198 2047 auxiliis
218 2000 393 2064 reparaverat,
417 1992 517 2047 bellum
546 1993 702 2051 Cnrrroorr
730 2003 819 2050 ortum
837 2002 885 2051 est.

92 2064 127 2141 [n.
140 2086 164 2121 u.
177 2064 238 2139 tta]
257 2066 299 2120 Ad
312 2065 341 2119 id
349 2067 448 2121 missus
457 2067 585 2122 Caecilius
595 2069 722 2133 Metellus,
735 2069 887 2143 ingentibus

92 2139 196 2211 proeliis
210 2140 278 2194 intra
291 2141 434 2195 triennium
447 2158 553 2195 omnem
568 2143 730 2212 pmvinoiam
744 2144 826 2214 oepit,
842 2160 888 2215 ep·

91 2213 255 2284 pellatusque
264 2214 429 2279 estCrettoua,
436 2222 515 2286 atque
523 2233 556 2270 ex
565 2233 595 2269 ea
605 2216 692 2270 insula
703 2217 886 2288 triumphavit.

92 2288 150 2352 Quo
165 2296 279 2358 tempore
291 2287 376 2360 Libya
391 2305 497 2360 quoque
511 2290 627 2344 liomano
638 2291 747 2361 imperio
756 2308 803 2361 per
814 2299 889 2346 tosta-

92 2369 210 2415 mentum
227 2361 350 2432 Apionis,
366 2362 413 2432 qui
428 2380 475 2416 rex
488 2364 545 2417 eius
563 2362 660 2428 iuerat,
676 2366 796 2431 secessim
814 2363 850 2440 [a.
861 2382 887 2421 u.

94 2433 154 2563 mil]
169 2435 195 2489 in
207 2453 259 2506 que
270 2434 382 2490 inclutae
392 2436 508 2490 civitates
517 2444 598 2502 erant,
610 2438 739 2503 Berenice,
750 2438 889 2493 Ptolemais

93 2517 118 2562 et
149 2527 238 2563 vrone.

148 2584 216 2637 Cae.
241 2582 301 2635 Xll.
327 2580 390 2653 (X.)
419 2584 487 2637 Dum
507 2584 570 2638 liaeo
588 2591 729 2657 gematur,
754 2586 888 2639 Prnaras

93 2657 182 2710 omnia
204 2655 286 2709 maria
307 2654 463 2711 infestabant
482 2658 529 2716 ita.
552 2665 583 2713 ut
604 2658 739 2723 ltcmnnis,
759 2667 812 2714 toto
828 2658 890 2714 orbe
