<?xml version="1.0" encoding="UTF-8"?>
<!DOCTYPE html PUBLIC "-//W3C//DTD XHTML 1.0 Transitional//EN"
    "http://www.w3.org/TR/xhtml1/DTD/xhtml1-transitional.dtd">
<html xmlns="http://www.w3.org/1999/xhtml" xml:lang="en" lang="en">
 <head>
  <title>
</title>
<meta http-equiv="Content-Type" content="text/html;charset=utf-8" />
  <meta name='ocr-system' content='tesseract 3.04.00' />
  <meta name='ocr-capabilities' content='ocr_page ocr_carea ocr_par ocr_line ocrx_word'/>
</head>
<body>
  <div class='ocr_page' id='page_1' title='image "./eutropiibreviar01eutrgoog_0014.png"; bbox 0 0 1906 3330; ppageno 0'>
   <div class='ocr_carea' id='block_1_1' title="bbox 373 525 844 578">
    <p class='ocr_par' dir='ltr' id='par_1_1' title="bbox 373 525 844 578">
     <span class='ocr_line' id='line_1_1' title="bbox 373 525 844 578; baseline 0.004 -2"><span class='ocrx_word' id='word_1_1' title='bbox 373 532 488 577; x_wconf 87' lang='lat' dir='ltr'>LIBER</span> <span class='ocrx_word' id='word_1_2' title='bbox 505 531 527 578; x_wconf 78' lang='lat'><strong>1.</strong></span> <span class='ocrx_word' id='word_1_3' title='bbox 827 525 844 578; x_wconf 83' lang='lat'>5</span> 
     </span>
    </p>
   </div>
   <div class='ocr_carea' id='block_1_2' title="bbox 56 628 916 3008">
    <p class='ocr_par' dir='ltr' id='par_1_2' title="bbox 56 628 850 1599">
     <span class='ocr_line' id='line_1_2' title="bbox 56 628 844 703; baseline -0.004 -16"><span class='ocrx_word' id='word_1_4' title='bbox 56 639 126 697; x_wconf 86' lang='lat' dir='ltr'><strong>rent,</strong></span> <span class='ocrx_word' id='word_1_5' title='bbox 138 648 172 686; x_wconf 90' lang='lat' dir='ltr'><strong>ne</strong></span> <span class='ocrx_word' id='word_1_6' title='bbox 184 647 231 702; x_wconf 85' lang='lat' dir='ltr'><strong>per</strong></span> <span class='ocrx_word' id='word_1_7' title='bbox 244 629 439 686; x_wconf 73' lang='lat' dir='ltr'><strong>diuturnitatem</strong></span> <span class='ocrx_word' id='word_1_8' title='bbox 453 630 583 703; x_wconf 84' lang='lat' dir='ltr'><strong>potestatis</strong></span> <span class='ocrx_word' id='word_1_9' title='bbox 597 628 774 685; x_wconf 79' lang='lat' dir='ltr'><strong>insolentiores</strong></span> <span class='ocrx_word' id='word_1_10' title='bbox 785 628 844 684; x_wconf 89' lang='lat' dir='ltr'><strong>red-</strong></span> 
     </span>
     <span class='ocr_line' id='line_1_3' title="bbox 56 703 844 777; baseline -0.005 -16"><span class='ocrx_word' id='word_1_11' title='bbox 56 705 191 770; x_wconf 89' lang='lat' dir='ltr'><strong>derentur,</strong></span> <span class='ocrx_word' id='word_1_12' title='bbox 202 704 249 760; x_wconf 88' lang='lat' dir='ltr'><strong>sed</strong></span> <span class='ocrx_word' id='word_1_13' title='bbox 261 703 351 759; x_wconf 86' lang='lat' dir='ltr'><strong>civiles</strong></span> <span class='ocrx_word' id='word_1_14' title='bbox 360 722 461 777; x_wconf 84' lang='lat' dir='ltr'>semper</span> <span class='ocrx_word' id='word_1_15' title='bbox 471 713 568 771; x_wconf 89' lang='lat' dir='ltr'><strong>essent,</strong></span> <span class='ocrx_word' id='word_1_16' title='bbox 583 706 631 777; x_wconf 92' lang='lat' dir='ltr'><strong>qui</strong></span> <span class='ocrx_word' id='word_1_17' title='bbox 640 723 669 759; x_wconf 91' lang='lat' dir='ltr'><strong>se</strong></span> <span class='ocrx_word' id='word_1_18' title='bbox 677 712 736 776; x_wconf 90' lang='lat' dir='ltr'><strong>post</strong></span> <span class='ocrx_word' id='word_1_19' title='bbox 744 722 844 759; x_wconf 89' lang='lat' dir='ltr'><strong>annum</strong></span> 
     </span>
     <span class='ocr_line' id='line_1_4' title="bbox 56 778 845 854; baseline -0.004 -19"><span class='ocrx_word' id='word_1_20' title='bbox 56 778 475 850; x_wconf 75' lang='lat' dir='ltr'><strong>sonentiuturosesseprivatos..</strong></span> <span class='ocrx_word' id='word_1_21' title='bbox 497 781 614 836; x_wconf 85' lang='lat' dir='ltr'><strong>Fuerunt</strong></span> <span class='ocrx_word' id='word_1_22' title='bbox 624 779 781 854; x_wconf 85' lang='lat' dir='ltr'><strong>igituranno</strong></span> <span class='ocrx_word' id='word_1_23' title='bbox 790 779 845 850; x_wconf 91' lang='lat' dir='ltr'><strong>pri·</strong></span> 
     </span>
     <span class='ocr_line' id='line_1_5' title="bbox 56 851 843 930; baseline -0.005 -20"><span class='ocrx_word' id='word_1_24' title='bbox 56 872 110 921; x_wconf 92' lang='lat' dir='ltr'><strong>mo,</strong></span> <span class='ocrx_word' id='word_1_25' title='bbox 118 851 374 930; x_wconf 79' lang='lat' dir='ltr'><strong>[n.n.2la.]expulsis</strong></span> <span class='ocrx_word' id='word_1_26' title='bbox 384 855 499 928; x_wconf 80' lang='lat' dir='ltr'><strong>regibus,</strong></span> <span class='ocrx_word' id='word_1_27' title='bbox 511 854 593 910; x_wconf 88' lang='lat' dir='ltr'><strong>Coss.</strong></span> <span class='ocrx_word' id='word_1_28' title='bbox 603 854 843 918; x_wconf 87' lang='lat' dir='ltr'><strong>L.luniusBrntus,</strong></span> 
     </span>
     <span class='ocr_line' id='line_1_6' title="bbox 57 928 846 1001; baseline -0.001 -19"><span class='ocrx_word' id='word_1_29' title='bbox 57 930 107 1001; x_wconf 89' lang='lat' dir='ltr'><strong>qni</strong></span> <span class='ocrx_word' id='word_1_30' title='bbox 119 929 234 983; x_wconf 79' lang='lat' dir='ltr'><strong>maxime</strong></span> <span class='ocrx_word' id='word_1_31' title='bbox 246 936 344 1000; x_wconf 82' lang='lat' dir='ltr'><strong>egerat,</strong></span> <span class='ocrx_word' id='word_1_32' title='bbox 363 936 392 984; x_wconf 93' lang='lat' dir='ltr'><strong>ut</strong></span> <span class='ocrx_word' id='word_1_33' title='bbox 404 929 563 1001; x_wconf 82' lang='lat' dir='ltr'><strong>Tarquinius</strong></span> <span class='ocrx_word' id='word_1_34' title='bbox 577 928 728 1000; x_wconf 82' lang='lat' dir='ltr'><strong>pelleretur,</strong></span> <span class='ocrx_word' id='word_1_35' title='bbox 744 938 768 982; x_wconf 89' lang='lat' dir='ltr'><strong>et</strong></span> <span class='ocrx_word' id='word_1_36' title='bbox 783 929 846 982; x_wconf 89' lang='lat' dir='ltr'><strong>Tar-</strong></span> 
     </span>
     <span class='ocr_line' id='line_1_7' title="bbox 58 1001 846 1075; baseline -0.003 -18"><span class='ocrx_word' id='word_1_37' title='bbox 58 1003 169 1075; x_wconf 90' lang='lat' dir='ltr'><strong>quinius</strong></span> <span class='ocrx_word' id='word_1_38' title='bbox 178 1001 453 1067; x_wconf 86' lang='lat' dir='ltr'><strong>Collatinus,maritus</strong></span> <span class='ocrx_word' id='word_1_39' title='bbox 463 1004 606 1058; x_wconf 88' lang='lat' dir='ltr'><strong>Lucretiae.</strong></span> <span class='ocrx_word' id='word_1_40' title='bbox 644 1002 846 1074; x_wconf 87' lang='lat' dir='ltr'><strong>SedTarquinio</strong></span> 
     </span>
     <span class='ocr_line' id='line_1_8' title="bbox 59 1075 844 1149; baseline -0.004 -15"><span class='ocrx_word' id='word_1_41' title='bbox 59 1076 186 1134; x_wconf 78' lang='lat' dir='ltr'><strong>Collatino</strong></span> <span class='ocrx_word' id='word_1_42' title='bbox 200 1077 286 1130; x_wconf 88' lang='lat' dir='ltr'><strong>statim</strong></span> <span class='ocrx_word' id='word_1_43' title='bbox 300 1075 401 1131; x_wconf 89' lang='lat' dir='ltr'><strong>sublata</strong></span> <span class='ocrx_word' id='word_1_44' title='bbox 414 1077 527 1149; x_wconf 82' lang='lat' dir='ltr'><strong>dignitas</strong></span> <span class='ocrx_word' id='word_1_45' title='bbox 539 1084 586 1131; x_wconf 90' lang='lat' dir='ltr'><strong>est.</strong></span> <span class='ocrx_word' id='word_1_46' title='bbox 625 1076 757 1131; x_wconf 86' lang='lat' dir='ltr'><strong>Placuerat</strong></span> <span class='ocrx_word' id='word_1_47' title='bbox 764 1078 844 1141; x_wconf 89' lang='lat' dir='ltr'><strong>enim,</strong></span> 
     </span>
     <span class='ocr_line' id='line_1_9' title="bbox 59 1151 848 1224; baseline -0.004 -17"><span class='ocrx_word' id='word_1_48' title='bbox 59 1170 93 1207; x_wconf 92' lang='lat' dir='ltr'><strong>ne</strong></span> <span class='ocrx_word' id='word_1_49' title='bbox 109 1153 252 1224; x_wconf 87' lang='lat' dir='ltr'><strong>quisquam</strong></span> <span class='ocrx_word' id='word_1_50' title='bbox 265 1151 291 1205; x_wconf 93' lang='lat' dir='ltr'><strong>in</strong></span> <span class='ocrx_word' id='word_1_51' title='bbox 303 1152 502 1216; x_wconf 86' lang='lat' dir='ltr'><strong>urbemaneret,</strong></span> <span class='ocrx_word' id='word_1_52' title='bbox 518 1151 565 1222; x_wconf 90' lang='lat' dir='ltr'><strong>qui</strong></span> <span class='ocrx_word' id='word_1_53' title='bbox 576 1151 735 1222; x_wconf 82' lang='lat' dir='ltr'><strong>Tarquinius</strong></span> <span class='ocrx_word' id='word_1_54' title='bbox 745 1169 848 1206; x_wconf 88' lang='lat' dir='ltr'><strong>vocare-</strong></span> 
     </span>
     <span class='ocr_line' id='line_1_10' title="bbox 59 1225 848 1298; baseline -0.003 -17"><span class='ocrx_word' id='word_1_55' title='bbox 59 1235 112 1282; x_wconf 89' lang='lat' dir='ltr'><strong>tur.</strong></span> <span class='ocrx_word' id='word_1_56' title='bbox 151 1227 221 1298; x_wconf 82' lang='lat' dir='ltr'><strong>Ergo</strong></span> <span class='ocrx_word' id='word_1_57' title='bbox 234 1233 335 1295; x_wconf 86' lang='lat' dir='ltr'><strong>accepto</strong></span> <span class='ocrx_word' id='word_1_58' title='bbox 348 1225 420 1279; x_wconf 92' lang='lat' dir='ltr'><strong>omni</strong></span> <span class='ocrx_word' id='word_1_59' title='bbox 434 1226 589 1296; x_wconf 87' lang='lat' dir='ltr'><strong>patrimonio</strong></span> <span class='ocrx_word' id='word_1_60' title='bbox 601 1242 662 1289; x_wconf 91' lang='lat' dir='ltr'><strong>suo,</strong></span> <span class='ocrx_word' id='word_1_61' title='bbox 679 1242 711 1279; x_wconf 88' lang='lat' dir='ltr'><strong>ex</strong></span> <span class='ocrx_word' id='word_1_62' title='bbox 724 1226 788 1279; x_wconf 89' lang='lat' dir='ltr'><strong>urbe</strong></span> <span class='ocrx_word' id='word_1_63' title='bbox 798 1226 848 1279; x_wconf 89' lang='lat' dir='ltr'><strong>mi-</strong></span> 
     </span>
     <span class='ocr_line' id='line_1_11' title="bbox 59 1298 850 1376; baseline -0.005 -19"><span class='ocrx_word' id='word_1_64' title='bbox 59 1303 159 1376; x_wconf 79' lang='lat' dir='ltr'><strong>gravit,</strong></span> <span class='ocrx_word' id='word_1_65' title='bbox 175 1308 200 1353; x_wconf 91' lang='lat' dir='ltr'><strong>et</strong></span> <span class='ocrx_word' id='word_1_66' title='bbox 213 1299 268 1354; x_wconf 91' lang='lat' dir='ltr'><strong>loco</strong></span> <span class='ocrx_word' id='word_1_67' title='bbox 280 1299 363 1371; x_wconf 91' lang='lat' dir='ltr'><strong>ipsius</strong></span> <span class='ocrx_word' id='word_1_68' title='bbox 377 1298 459 1354; x_wconf 87' lang='lat' dir='ltr'><strong>lactus</strong></span> <span class='ocrx_word' id='word_1_69' title='bbox 468 1309 507 1354; x_wconf 89' lang='lat' dir='ltr'><strong>est</strong></span> <span class='ocrx_word' id='word_1_70' title='bbox 517 1298 634 1355; x_wconf 90' lang='lat' dir='ltr'><strong>Valerius</strong></span> <span class='ocrx_word' id='word_1_71' title='bbox 644 1299 775 1354; x_wconf 85' lang='lat' dir='ltr'><strong>Publicola</strong></span> <span class='ocrx_word' id='word_1_72' title='bbox 788 1317 850 1354; x_wconf 92' lang='lat' dir='ltr'><strong>oon·</strong></span> 
     </span>
     <span class='ocr_line' id='line_1_12' title="bbox 60 1373 850 1447; baseline -0.005 -16"><span class='ocrx_word' id='word_1_73' title='bbox 60 1376 114 1431; x_wconf 91' lang='lat' dir='ltr'><strong>sul.</strong></span> <span class='ocrx_word' id='word_1_74' title='bbox 142 1373 209 1447; x_wconf 77' lang='lat' dir='ltr'><strong>(IX.)</strong></span> <span class='ocrx_word' id='word_1_75' title='bbox 228 1373 373 1429; x_wconf 85' lang='lat' dir='ltr'><strong>Commovit</strong></span> <span class='ocrx_word' id='word_1_76' title='bbox 389 1383 475 1429; x_wconf 71' lang='lat' dir='ltr'><strong>amen</strong></span> <span class='ocrx_word' id='word_1_77' title='bbox 494 1373 593 1429; x_wconf 89' lang='lat' dir='ltr'><strong>bellam</strong></span> <span class='ocrx_word' id='word_1_78' title='bbox 611 1374 671 1428; x_wconf 87' lang='lat' dir='ltr'><strong>urbi</strong></span> <span class='ocrx_word' id='word_1_79' title='bbox 690 1376 786 1429; x_wconf 85' lang='lat' dir='ltr'><strong>Romae</strong></span> <span class='ocrx_word' id='word_1_80' title='bbox 803 1390 850 1428; x_wconf 83' lang='lat' dir='ltr'><strong>rex</strong></span> 
     </span>
     <span class='ocr_line' id='line_1_13' title="bbox 61 1447 850 1521; baseline -0.004 -16"><span class='ocrx_word' id='word_1_81' title='bbox 61 1448 235 1521; x_wconf 76' lang='lat' dir='ltr'><strong>Tarquinius,</strong></span> <span class='ocrx_word' id='word_1_82' title='bbox 256 1448 305 1520; x_wconf 92' lang='lat' dir='ltr'><strong>qui</strong></span> <span class='ocrx_word' id='word_1_83' title='bbox 322 1447 405 1503; x_wconf 87' lang='lat' dir='ltr'><strong>luerat</strong></span> <span class='ocrx_word' id='word_1_84' title='bbox 422 1448 562 1520; x_wconf 89' lang='lat' dir='ltr'><strong>expulsus,</strong></span> <span class='ocrx_word' id='word_1_85' title='bbox 584 1457 608 1504; x_wconf 90' lang='lat' dir='ltr'><strong>et</strong></span> <span class='ocrx_word' id='word_1_86' title='bbox 627 1448 747 1503; x_wconf 86' lang='lat' dir='ltr'><strong>collectis·</strong></span> <span class='ocrx_word' id='word_1_87' title='bbox 760 1449 850 1503; x_wconf 88' lang='lat' dir='ltr'><strong>multis</strong></span> 
     </span>
     <span class='ocr_line' id='line_1_14' title="bbox 61 1522 756 1599; baseline -0.001 -20"><span class='ocrx_word' id='word_1_88' title='bbox 61 1524 194 1599; x_wconf 80' lang='lat' dir='ltr'><strong>gentibus,</strong></span> <span class='ocrx_word' id='word_1_89' title='bbox 205 1530 234 1577; x_wconf 90' lang='lat' dir='ltr'><strong>ut</strong></span> <span class='ocrx_word' id='word_1_90' title='bbox 242 1522 269 1577; x_wconf 92' lang='lat' dir='ltr'><strong>in</strong></span> <span class='ocrx_word' id='word_1_91' title='bbox 278 1540 389 1596; x_wconf 81' lang='lat' dir='ltr'><strong>regnum</strong></span> <span class='ocrx_word' id='word_1_92' title='bbox 398 1532 484 1595; x_wconf 90' lang='lat' dir='ltr'><strong>posset</strong></span> <span class='ocrx_word' id='word_1_93' title='bbox 493 1524 602 1589; x_wconf 88' lang='lat' dir='ltr'><strong>restitui,</strong></span> <span class='ocrx_word' id='word_1_94' title='bbox 613 1523 756 1579; x_wconf 85' lang='lat' dir='ltr'><strong>dimicavit.</strong></span> 
     </span>
    </p>

    <p class='ocr_par' dir='ltr' id='par_1_3' title="bbox 62 1596 855 2412">
     <span class='ocr_line' id='line_1_15' title="bbox 117 1596 849 1670; baseline -0.001 -17"><span class='ocrx_word' id='word_1_95' title='bbox 117 1597 185 1653; x_wconf 81' lang='lat' dir='ltr'><strong>Car.</strong></span> <span class='ocrx_word' id='word_1_96' title='bbox 205 1597 242 1651; x_wconf 89' lang='lat' dir='ltr'><strong>X.</strong></span> <span class='ocrx_word' id='word_1_97' title='bbox 261 1598 291 1652; x_wconf 91' lang='lat' dir='ltr'><strong>ln</strong></span> <span class='ocrx_word' id='word_1_98' title='bbox 304 1597 389 1668; x_wconf 89' lang='lat' dir='ltr'><strong>prima</strong></span> <span class='ocrx_word' id='word_1_99' title='bbox 403 1615 493 1670; x_wconf 83' lang='lat' dir='ltr'><strong>pugna</strong></span> <span class='ocrx_word' id='word_1_100' title='bbox 505 1599 601 1652; x_wconf 90' lang='lat' dir='ltr'><strong>Brutus</strong></span> <span class='ocrx_word' id='word_1_101' title='bbox 613 1596 703 1652; x_wconf 91' lang='lat' dir='ltr'><strong>consul</strong></span> <span class='ocrx_word' id='word_1_102' title='bbox 718 1606 743 1652; x_wconf 91' lang='lat' dir='ltr'><strong>et</strong></span> <span class='ocrx_word' id='word_1_103' title='bbox 752 1597 849 1663; x_wconf 77' lang='lat' dir='ltr'><strong>Aruns,</strong></span> 
     </span>
     <span class='ocr_line' id='line_1_16' title="bbox 62 1671 851 1744; baseline -0.001 -17"><span class='ocrx_word' id='word_1_104' title='bbox 62 1671 200 1744; x_wconf 83' lang='lat' dir='ltr'><strong>Tarquinii</strong></span> <span class='ocrx_word' id='word_1_105' title='bbox 210 1671 288 1736; x_wconf 87' lang='lat' dir='ltr'><strong>filius,</strong></span> <span class='ocrx_word' id='word_1_106' title='bbox 301 1672 413 1726; x_wconf 82' lang='lat' dir='ltr'><strong>invicem</strong></span> <span class='ocrx_word' id='word_1_107' title='bbox 423 1690 451 1726; x_wconf 90' lang='lat' dir='ltr'><strong>se</strong></span> <span class='ocrx_word' id='word_1_108' title='bbox 460 1671 618 1726; x_wconf 84' lang='lat' dir='ltr'><strong>occiderunt.</strong></span> <span class='ocrx_word' id='word_1_109' title='bbox 646 1672 756 1727; x_wconf 86' lang='lat' dir='ltr'><strong>Ilomani</strong></span> <span class='ocrx_word' id='word_1_110' title='bbox 766 1680 851 1727; x_wconf 89' lang='lat' dir='ltr'><strong>tamen</strong></span> 
     </span>
     <span class='ocr_line' id='line_1_17' title="bbox 62 1746 853 1819; baseline -0.001 -17"><span class='ocrx_word' id='word_1_111' title='bbox 62 1764 96 1802; x_wconf 87' lang='lat' dir='ltr'><strong>ex</strong></span> <span class='ocrx_word' id='word_1_112' title='bbox 115 1764 145 1801; x_wconf 85' lang='lat' dir='ltr'><strong>ea</strong></span> <span class='ocrx_word' id='word_1_113' title='bbox 162 1763 251 1819; x_wconf 81' lang='lat' dir='ltr'><strong>pugna</strong></span> <span class='ocrx_word' id='word_1_114' title='bbox 268 1746 377 1801; x_wconf 86' lang='lat' dir='ltr'><strong>victores</strong></span> <span class='ocrx_word' id='word_1_115' title='bbox 393 1754 561 1800; x_wconf 88' lang='lat' dir='ltr'><strong>recesserunt.</strong></span> <span class='ocrx_word' id='word_1_116' title='bbox 599 1747 708 1800; x_wconf 87' lang='lat' dir='ltr'><strong>Brutum</strong></span> <span class='ocrx_word' id='word_1_117' title='bbox 723 1748 853 1801; x_wconf 87' lang='lat' dir='ltr'><strong>Romanae</strong></span> 
     </span>
     <span class='ocr_line' id='line_1_18' title="bbox 63 1819 854 1892; baseline -0.004 -15"><span class='ocrx_word' id='word_1_118' title='bbox 63 1829 209 1885; x_wconf 86' lang='lat' dir='ltr'><strong>matronae,</strong></span> <span class='ocrx_word' id='word_1_119' title='bbox 228 1819 387 1875; x_wconf 87' lang='lat' dir='ltr'><strong>defensorem</strong></span> <span class='ocrx_word' id='word_1_120' title='bbox 400 1820 540 1891; x_wconf 87' lang='lat' dir='ltr'><strong>pudicitiae</strong></span> <span class='ocrx_word' id='word_1_121' title='bbox 553 1836 629 1884; x_wconf 88' lang='lat' dir='ltr'><strong>suae,</strong></span> <span class='ocrx_word' id='word_1_122' title='bbox 645 1820 721 1892; x_wconf 89' lang='lat' dir='ltr'><strong>qnasi</strong></span> <span class='ocrx_word' id='word_1_123' title='bbox 735 1837 854 1874; x_wconf 88' lang='lat' dir='ltr'><strong>commu-</strong></span> 
     </span>
     <span class='ocr_line' id='line_1_19' title="bbox 64 1894 854 1967; baseline -0.003 -16"><span class='ocrx_word' id='word_1_124' title='bbox 64 1913 123 1951; x_wconf 88' lang='lat' dir='ltr'><strong>nem</strong></span> <span class='ocrx_word' id='word_1_125' title='bbox 134 1903 246 1967; x_wconf 86' lang='lat' dir='ltr'><strong>patrem,</strong></span> <span class='ocrx_word' id='word_1_126' title='bbox 258 1912 304 1965; x_wconf 91' lang='lat' dir='ltr'><strong>per</strong></span> <span class='ocrx_word' id='word_1_127' title='bbox 313 1911 413 1949; x_wconf 90' lang='lat' dir='ltr'><strong>annum</strong></span> <span class='ocrx_word' id='word_1_128' title='bbox 422 1894 555 1949; x_wconf 85' lang='lat' dir='ltr'><strong>luxerunt.</strong></span> <span class='ocrx_word' id='word_1_129' title='bbox 594 1894 711 1949; x_wconf 77' lang='lat' dir='ltr'><strong>Valerius</strong></span> <span class='ocrx_word' id='word_1_130' title='bbox 722 1895 854 1949; x_wconf 89' lang='lat' dir='ltr'><strong>Publicola</strong></span> 
     </span>
     <span class='ocr_line' id='line_1_20' title="bbox 64 1965 854 2100; baseline -0.001 -76"><span class='ocrx_word' id='word_1_131' title='bbox 64 1967 101 2100; x_wconf 56' lang='lat' dir='ltr'><strong>qn.</strong></span> <span class='ocrx_word' id='word_1_132' title='bbox 115 1989 142 2025; x_wconf 87' lang='lat' dir='ltr'><strong>u.</strong></span> <span class='ocrx_word' id='word_1_133' title='bbox 159 1965 219 2043; x_wconf 69' lang='lat' dir='ltr'><strong>tlt]</strong></span> <span class='ocrx_word' id='word_1_134' title='bbox 239 1968 285 2040; x_wconf 88' lang='lat' dir='ltr'><strong>Sp.</strong></span> <span class='ocrx_word' id='word_1_135' title='bbox 300 1970 448 2025; x_wconf 87' lang='lat' dir='ltr'><strong>Lucretium</strong></span> <span class='ocrx_word' id='word_1_136' title='bbox 467 1969 649 2041; x_wconf 90' lang='lat' dir='ltr'><strong>Tricipitinum</strong></span> <span class='ocrx_word' id='word_1_137' title='bbox 663 1969 788 2044; x_wconf 80' lang='lat' dir='ltr'><strong>collegam</strong></span> <span class='ocrx_word' id='word_1_138' title='bbox 801 1969 854 2024; x_wconf 87' lang='lat' dir='ltr'><strong>sibi</strong></span> 
     </span>
     <span class='ocr_line' id='line_1_21' title="bbox 75 2043 854 2116; baseline 0 -18"><span class='ocrx_word' id='word_1_139' title='bbox 75 2044 137 2109; x_wconf 88' lang='lat' dir='ltr'><strong>ecit,</strong></span> <span class='ocrx_word' id='word_1_140' title='bbox 155 2043 288 2098; x_wconf 84' lang='lat' dir='ltr'><strong>Lucretiae</strong></span> <span class='ocrx_word' id='word_1_141' title='bbox 306 2051 419 2114; x_wconf 84' lang='lat' dir='ltr'><strong>patrem3</strong></span> <span class='ocrx_word' id='word_1_142' title='bbox 444 2061 498 2116; x_wconf 93' lang='lat' dir='ltr'><strong>quo</strong></span> <span class='ocrx_word' id='word_1_143' title='bbox 516 2044 607 2099; x_wconf 85' lang='lat' dir='ltr'><strong>morbo</strong></span> <span class='ocrx_word' id='word_1_144' title='bbox 625 2051 740 2110; x_wconf 91' lang='lat' dir='ltr'><strong>mortuo,</strong></span> <span class='ocrx_word' id='word_1_145' title='bbox 759 2045 854 2099; x_wconf 90' lang='lat' dir='ltr'><strong>iterum</strong></span> 
     </span>
     <span class='ocr_line' id='line_1_22' title="bbox 65 2115 854 2192; baseline -0.001 -18"><span class='ocrx_word' id='word_1_146' title='bbox 65 2117 199 2174; x_wconf 82' lang='lat' dir='ltr'><strong>Horatium</strong></span> <span class='ocrx_word' id='word_1_147' title='bbox 213 2115 355 2172; x_wconf 90' lang='lat' dir='ltr'><strong>Pulvillum</strong></span> <span class='ocrx_word' id='word_1_148' title='bbox 368 2118 491 2192; x_wconf 84' lang='lat' dir='ltr'><strong>collegam</strong></span> <span class='ocrx_word' id='word_1_149' title='bbox 500 2119 551 2173; x_wconf 91' lang='lat' dir='ltr'><strong>sihi</strong></span> <span class='ocrx_word' id='word_1_150' title='bbox 561 2119 666 2174; x_wconf 80' lang='lat' dir='ltr'><strong>sumsit.</strong></span> <span class='ocrx_word' id='word_1_151' title='bbox 705 2121 741 2173; x_wconf 87' lang='lat' dir='ltr'><strong>Ita</strong></span> <span class='ocrx_word' id='word_1_152' title='bbox 751 2119 854 2190; x_wconf 90' lang='lat' dir='ltr'><strong>primus</strong></span> 
     </span>
     <span class='ocr_line' id='line_1_23' title="bbox 66 2191 855 2266; baseline -0.001 -17"><span class='ocrx_word' id='word_1_153' title='bbox 66 2210 152 2249; x_wconf 87' lang='lat' dir='ltr'><strong>annus</strong></span> <span class='ocrx_word' id='word_1_154' title='bbox 163 2191 283 2264; x_wconf 86' lang='lat' dir='ltr'><strong>quinque</strong></span> <span class='ocrx_word' id='word_1_155' title='bbox 290 2193 409 2247; x_wconf 88' lang='lat' dir='ltr'><strong>eonsules</strong></span> <span class='ocrx_word' id='word_1_156' title='bbox 418 2193 518 2258; x_wconf 89' lang='lat' dir='ltr'><strong>habuit,</strong></span> <span class='ocrx_word' id='word_1_157' title='bbox 530 2211 591 2248; x_wconf 91' lang='lat' dir='ltr'><strong>cum</strong></span> <span class='ocrx_word' id='word_1_158' title='bbox 601 2194 760 2266; x_wconf 86' lang='lat' dir='ltr'><strong>Tarquinius</strong></span> <span class='ocrx_word' id='word_1_159' title='bbox 770 2193 855 2249; x_wconf 91' lang='lat' dir='ltr'><strong>Colla-</strong></span> 
     </span>
     <span class='ocr_line' id='line_1_24' title="bbox 66 2266 855 2340; baseline 0 -19"><span class='ocrx_word' id='word_1_160' title='bbox 66 2268 138 2322; x_wconf 88' lang='lat' dir='ltr'><strong>tinus</strong></span> <span class='ocrx_word' id='word_1_161' title='bbox 151 2266 217 2321; x_wconf 91' lang='lat' dir='ltr'><strong>urbe</strong></span> <span class='ocrx_word' id='word_1_162' title='bbox 229 2267 347 2321; x_wconf 78' lang='lat' dir='ltr'><strong>cessisset</strong></span> <span class='ocrx_word' id='word_1_163' title='bbox 359 2276 463 2339; x_wconf 87' lang='lat' dir='ltr'><strong>propter</strong></span> <span class='ocrx_word' id='word_1_164' title='bbox 475 2285 583 2332; x_wconf 90' lang='lat' dir='ltr'><strong>nomen,</strong></span> <span class='ocrx_word' id='word_1_165' title='bbox 599 2268 694 2322; x_wconf 88' lang='lat' dir='ltr'><strong>Brutus</strong></span> <span class='ocrx_word' id='word_1_166' title='bbox 703 2267 800 2340; x_wconf 91' lang='lat' dir='ltr'><strong>proelio</strong></span> <span class='ocrx_word' id='word_1_167' title='bbox 809 2285 855 2340; x_wconf 92' lang='lat' dir='ltr'><strong>pe-</strong></span> 
     </span>
     <span class='ocr_line' id='line_1_25' title="bbox 66 2339 668 2412; baseline 0 -15"><span class='ocrx_word' id='word_1_168' title='bbox 66 2342 150 2406; x_wconf 83' lang='lat' dir='ltr'><strong>risset,</strong></span> <span class='ocrx_word' id='word_1_169' title='bbox 164 2339 210 2412; x_wconf 88' lang='lat' dir='ltr'><strong>Sp.</strong></span> <span class='ocrx_word' id='word_1_170' title='bbox 222 2341 355 2395; x_wconf 79' lang='lat' dir='ltr'><strong>lucretius</strong></span> <span class='ocrx_word' id='word_1_171' title='bbox 365 2342 455 2397; x_wconf 89' lang='lat' dir='ltr'><strong>morbo</strong></span> <span class='ocrx_word' id='word_1_172' title='bbox 464 2351 582 2396; x_wconf 87' lang='lat' dir='ltr'><strong>mortuns</strong></span> <span class='ocrx_word' id='word_1_173' title='bbox 593 2350 668 2397; x_wconf 82' lang='lat' dir='ltr'><strong>esset.</strong></span> 
     </span>
    </p>

    <p class='ocr_par' dir='ltr' id='par_1_4' title="bbox 66 2415 916 3008">
     <span class='ocr_line' id='line_1_26' title="bbox 120 2415 855 2489; baseline -0.001 -18"><span class='ocrx_word' id='word_1_174' title='bbox 120 2415 189 2471; x_wconf 81' lang='lat' dir='ltr'><strong>Car.</strong></span> <span class='ocrx_word' id='word_1_175' title='bbox 209 2415 258 2470; x_wconf 87' lang='lat' dir='ltr'><strong>Xl.</strong></span> <span class='ocrx_word' id='word_1_176' title='bbox 278 2415 332 2489; x_wconf 83' lang='lat' dir='ltr'><strong>(X.)</strong></span> <span class='ocrx_word' id='word_1_177' title='bbox 351 2415 469 2471; x_wconf 72' lang='lat' dir='ltr'><strong>Securmo</strong></span> <span class='ocrx_word' id='word_1_178' title='bbox 482 2434 588 2488; x_wconf 90' lang='lat' dir='ltr'><strong>quoque</strong></span> <span class='ocrx_word' id='word_1_179' title='bbox 601 2433 670 2471; x_wconf 90' lang='lat' dir='ltr'><strong>anno</strong></span> <span class='ocrx_word' id='word_1_180' title='bbox 684 2416 777 2470; x_wconf 88' lang='lat' dir='ltr'><strong>iterum</strong></span> <span class='ocrx_word' id='word_1_181' title='bbox 792 2418 855 2471; x_wconf 88' lang='lat' dir='ltr'><strong>Tar·</strong></span> 
     </span>
     <span class='ocr_line' id='line_1_27' title="bbox 66 2490 856 2563; baseline 0 -19"><span class='ocrx_word' id='word_1_182' title='bbox 66 2490 191 2563; x_wconf 80' lang='lat' dir='ltr'><strong>quimus,</strong></span> <span class='ocrx_word' id='word_1_183' title='bbox 205 2497 236 2543; x_wconf 90' lang='lat' dir='ltr'><strong>ut</strong></span> <span class='ocrx_word' id='word_1_184' title='bbox 252 2490 405 2562; x_wconf 86' lang='lat' dir='ltr'><strong>reciperetur</strong></span> <span class='ocrx_word' id='word_1_185' title='bbox 424 2491 451 2544; x_wconf 94' lang='lat' dir='ltr'><strong>in</strong></span> <span class='ocrx_word' id='word_1_186' title='bbox 472 2508 597 2563; x_wconf 83' lang='lat' dir='ltr'><strong>regnum,</strong></span> <span class='ocrx_word' id='word_1_187' title='bbox 617 2490 716 2545; x_wconf 91' lang='lat' dir='ltr'><strong>bellum</strong></span> <span class='ocrx_word' id='word_1_188' title='bbox 732 2491 856 2546; x_wconf 88' lang='lat' dir='ltr'><strong>Romanis</strong></span> 
     </span>
     <span class='ocr_line' id='line_1_28' title="bbox 69 2562 856 2638; baseline -0.001 -19"><span class='ocrx_word' id='word_1_189' title='bbox 69 2562 170 2628; x_wconf 90' lang='lat' dir='ltr'><strong>intulit,</strong></span> <span class='ocrx_word' id='word_1_190' title='bbox 186 2562 316 2619; x_wconf 88' lang='lat' dir='ltr'><strong>auxilium</strong></span> <span class='ocrx_word' id='word_1_191' title='bbox 331 2565 356 2619; x_wconf 91' lang='lat' dir='ltr'><strong>ei</strong></span> <span class='ocrx_word' id='word_1_192' title='bbox 368 2563 462 2619; x_wconf 82' lang='lat' dir='ltr'><strong>ferente</strong></span> <span class='ocrx_word' id='word_1_193' title='bbox 475 2566 599 2630; x_wconf 86' lang='lat' dir='ltr'><strong>Porsena,</strong></span> <span class='ocrx_word' id='word_1_194' title='bbox 615 2566 723 2620; x_wconf 90' lang='lat' dir='ltr'><strong>Tusciae</strong></span> <span class='ocrx_word' id='word_1_195' title='bbox 737 2583 810 2638; x_wconf 74' lang='lat' dir='ltr'><strong>rege,</strong></span> <span class='ocrx_word' id='word_1_196' title='bbox 831 2572 856 2618; x_wconf 91' lang='lat' dir='ltr'><strong>et</strong></span> 
     </span>
     <span class='ocr_line' id='line_1_29' title="bbox 67 2639 855 2711; baseline -0.001 -17"><span class='ocrx_word' id='word_1_197' title='bbox 67 2639 177 2694; x_wconf 87' lang='lat' dir='ltr'><strong>Romam</strong></span> <span class='ocrx_word' id='word_1_198' title='bbox 192 2654 272 2709; x_wconf 88' lang='lat' dir='ltr'><strong>paene</strong></span> <span class='ocrx_word' id='word_1_199' title='bbox 285 2639 362 2709; x_wconf 88' lang='lat' dir='ltr'><strong>oepit.</strong></span> <span class='ocrx_word' id='word_1_200' title='bbox 400 2639 497 2694; x_wconf 86' lang='lat' dir='ltr'><strong>Verum</strong></span> <span class='ocrx_word' id='word_1_201' title='bbox 511 2646 573 2693; x_wconf 90' lang='lat' dir='ltr'><strong>tunc</strong></span> <span class='ocrx_word' id='word_1_202' title='bbox 588 2657 693 2711; x_wconf 88' lang='lat' dir='ltr'><strong>quoque</strong></span> <span class='ocrx_word' id='word_1_203' title='bbox 707 2640 791 2694; x_wconf 88' lang='lat' dir='ltr'><strong>victus</strong></span> <span class='ocrx_word' id='word_1_204' title='bbox 806 2648 855 2693; x_wconf 89' lang='lat' dir='ltr'><strong>est.</strong></span> 
     </span>
     <span class='ocr_line' id='line_1_30' title="bbox 69 2710 854 2788; baseline -0.003 -22"><span class='ocrx_word' id='word_1_205' title='bbox 69 2712 153 2768; x_wconf 89' lang='lat' dir='ltr'><strong>Tertio</strong></span> <span class='ocrx_word' id='word_1_206' title='bbox 166 2729 235 2766; x_wconf 89' lang='lat' dir='ltr'><strong>anno</strong></span> <span class='ocrx_word' id='word_1_207' title='bbox 249 2710 284 2787; x_wconf 83' lang='lat' dir='ltr'><strong>[s.</strong></span> <span class='ocrx_word' id='word_1_208' title='bbox 299 2731 325 2768; x_wconf 88' lang='lat' dir='ltr'><strong>a.</strong></span> <span class='ocrx_word' id='word_1_209' title='bbox 340 2710 400 2788; x_wconf 59' lang='lat' dir='ltr'><strong>aaa]</strong></span> <span class='ocrx_word' id='word_1_210' title='bbox 414 2722 472 2784; x_wconf 90' lang='lat' dir='ltr'><strong>post</strong></span> <span class='ocrx_word' id='word_1_211' title='bbox 487 2731 559 2786; x_wconf 81' lang='lat' dir='ltr'><strong>reges</strong></span> <span class='ocrx_word' id='word_1_212' title='bbox 572 2724 673 2768; x_wconf 74' lang='lat' dir='ltr'><strong>exacms</strong></span> <span class='ocrx_word' id='word_1_213' title='bbox 686 2713 854 2784; x_wconf 88' lang='lat' dir='ltr'><strong>Tarquinius,</strong></span> 
     </span>
     <span class='ocr_line' id='line_1_31' title="bbox 69 2785 916 2860; baseline -0.005 -18"><span class='ocrx_word' id='word_1_214' title='bbox 69 2804 130 2842; x_wconf 91' lang='lat' dir='ltr'><strong>oum</strong></span> <span class='ocrx_word' id='word_1_215' title='bbox 144 2785 241 2857; x_wconf 88' lang='lat' dir='ltr'><strong>suscipi</strong></span> <span class='ocrx_word' id='word_1_216' title='bbox 254 2804 306 2842; x_wconf 94' lang='lat' dir='ltr'><strong>non</strong></span> <span class='ocrx_word' id='word_1_217' title='bbox 321 2799 404 2858; x_wconf 89' lang='lat' dir='ltr'><strong>posset</strong></span> <span class='ocrx_word' id='word_1_218' title='bbox 418 2789 446 2842; x_wconf 91' lang='lat' dir='ltr'><strong>in</strong></span> <span class='ocrx_word' id='word_1_219' title='bbox 460 2805 584 2860; x_wconf 85' lang='lat' dir='ltr'><strong>regnum,</strong></span> <span class='ocrx_word' id='word_1_220' title='bbox 601 2806 686 2859; x_wconf 86' lang='lat' dir='ltr'><strong>neque</strong></span> <span class='ocrx_word' id='word_1_221' title='bbox 699 2789 721 2842; x_wconf 88' lang='lat' dir='ltr'><strong>ei</strong></span> <span class='ocrx_word' id='word_1_222' title='bbox 735 2789 854 2852; x_wconf 89' lang='lat' dir='ltr'><strong>Porsena,</strong></span> <span class='ocrx_word' id='word_1_223' title='bbox 913 2839 916 2846; x_wconf 77' lang='grc'>,</span> 
     </span>
     <span class='ocr_line' id='line_1_32' title="bbox 70 2861 856 2932; baseline -0.001 -17"><span class='ocrx_word' id='word_1_224' title='bbox 70 2861 117 2932; x_wconf 92' lang='lat' dir='ltr'><strong>qui</strong></span> <span class='ocrx_word' id='word_1_225' title='bbox 132 2877 221 2931; x_wconf 83' lang='lat' dir='ltr'><strong>pacem</strong></span> <span class='ocrx_word' id='word_1_226' title='bbox 234 2877 295 2915; x_wconf 89' lang='lat' dir='ltr'><strong>cum</strong></span> <span class='ocrx_word' id='word_1_227' title='bbox 310 2862 433 2917; x_wconf 86' lang='lat' dir='ltr'><strong>Romanis</strong></span> <span class='ocrx_word' id='word_1_228' title='bbox 446 2861 550 2927; x_wconf 88' lang='lat' dir='ltr'><strong>fecerat,</strong></span> <span class='ocrx_word' id='word_1_229' title='bbox 567 2862 696 2916; x_wconf 89' lang='lat' dir='ltr'><strong>auxilium</strong></span> <span class='ocrx_word' id='word_1_230' title='bbox 709 2869 856 2932; x_wconf 88' lang='lat' dir='ltr'><strong>praestaret,</strong></span> 
     </span>
     <span class='ocr_line' id='line_1_33' title="bbox 71 2933 859 3008; baseline 0.001 -20"><span class='ocrx_word' id='word_1_231' title='bbox 71 2933 214 2989; x_wconf 82' lang='lat' dir='ltr'><strong>Tusculum</strong></span> <span class='ocrx_word' id='word_1_232' title='bbox 229 2952 257 2988; x_wconf 88' lang='lat' dir='ltr'><strong>se</strong></span> <span class='ocrx_word' id='word_1_233' title='bbox 269 2936 390 3001; x_wconf 88' lang='lat' dir='ltr'><strong>contulit,</strong></span> <span class='ocrx_word' id='word_1_234' title='bbox 407 2953 474 3008; x_wconf 89' lang='lat' dir='ltr'><strong>quae</strong></span> <span class='ocrx_word' id='word_1_235' title='bbox 486 2937 577 2990; x_wconf 90' lang='lat' dir='ltr'><strong>civitas</strong></span> <span class='ocrx_word' id='word_1_236' title='bbox 591 2955 643 2991; x_wconf 93' lang='lat' dir='ltr'><strong>non</strong></span> <span class='ocrx_word' id='word_1_237' title='bbox 659 2936 734 3007; x_wconf 85' lang='lat' dir='ltr'><strong>longe</strong></span> <span class='ocrx_word' id='word_1_238' title='bbox 746 2934 780 2989; x_wconf 90' lang='lat' dir='ltr'><strong>ab</strong></span> <span class='ocrx_word' id='word_1_239' title='bbox 794 2936 859 2989; x_wconf 81' lang='lat' dir='ltr'><strong>urbe</strong></span> 
     </span>
    </p>
   </div>
   <div class='ocr_carea' id='block_1_3' title="bbox 70 3008 862 3085">
    <p class='ocr_par' dir='ltr' id='par_1_5' title="bbox 70 3008 862 3085">
     <span class='ocr_line' id='line_1_34' title="bbox 70 3008 862 3085; baseline -0.001 -20"><span class='ocrx_word' id='word_1_240' title='bbox 70 3018 123 3075; x_wconf 75' lang='lat' dir='ltr'><strong>aa,</strong></span> <span class='ocrx_word' id='word_1_241' title='bbox 142 3016 220 3081; x_wconf 90' lang='lat' dir='ltr'><strong>atque</strong></span> <span class='ocrx_word' id='word_1_242' title='bbox 238 3008 276 3064; x_wconf 89' lang='lat' dir='ltr'><strong>ibi</strong></span> <span class='ocrx_word' id='word_1_243' title='bbox 293 3027 340 3083; x_wconf 91' lang='lat' dir='ltr'><strong>per</strong></span> <span class='ocrx_word' id='word_1_244' title='bbox 358 3010 553 3085; x_wconf 90' lang='lat' dir='ltr'><strong>quatuordocim</strong></span> <span class='ocrx_word' id='word_1_245' title='bbox 569 3027 651 3064; x_wconf 90' lang='lat' dir='ltr'><strong>annos</strong></span> <span class='ocrx_word' id='word_1_246' title='bbox 664 3009 781 3082; x_wconf 83' lang='lat' dir='ltr'><strong>privatus</strong></span> <span class='ocrx_word' id='word_1_247' title='bbox 797 3026 862 3064; x_wconf 89' lang='lat' dir='ltr'><strong>aum</strong></span> 
     </span>
    </p>
   </div>
   <div class='ocr_carea' id='block_1_4' title="bbox 0 0 980 3330">
    <p class='ocr_par' dir='ltr' id='par_1_6' title="bbox 0 0 980 3330">
     <span class='ocr_line' id='line_1_35' title="bbox 0 0 980 3330; baseline 0 0"><span class='ocrx_word' id='word_1_248' title='bbox 0 0 980 3330; x_wconf 95' lang='lat' dir='ltr'><strong> </strong></span> 
     </span>
    </p>
   </div>
  </div>
 </body>
</html>
