1906 3330
84 189 117 229 lv

84 290 113 338 in
128 284 266 338 narrando
283 284 473 351 simplicitate,
490 288 520 334 ut
532 281 667 349 hacipsa,
682 296 753 350 quae
764 296 821 333 non
834 283 884 333 mi-

85 377 160 427 nima
174 380 216 427 est
230 376 259 425 in
275 375 419 427 scribendo
434 374 535 437 virtus,
556 389 617 424 cum
631 373 751 424 utilitate
766 373 885 424 delecta·

86 469 189 516 tionem
204 466 309 531 pariat,
324 465 460 516 facilitate
475 470 565 516 autem
577 464 612 515 ad
622 464 743 530 reliquos
753 462 885 529 legendos

88 558 210 624 apprime
227 556 331 607 incitet.
370 556 401 606 ln
417 554 551 607 Graecum
566 570 717 606 sermonem
737 569 885 604 conversus

88 654 130 696 est
149 663 165 696 a
184 646 273 697 Lucio
289 646 423 713 Capitone
439 653 466 697 et
481 661 498 696 a
512 645 649 708 Paeanio,
670 645 717 710 qui
730 644 806 694 brevi
821 648 886 709 post

91 738 251 803 Eutropium
262 738 363 788 vixisse
373 735 541 803 perhibetur.
580 737 683 787 Textus
699 739 789 785 autem
801 734 885 784 inter-

90 829 201 893 polatus
222 828 288 878 olim
306 827 485 878 multifariam
499 827 589 878 suerat
604 840 620 876 a
635 825 737 888 Paulo,
757 825 885 875 Diacono

90 919 271 983 Aquileiensi,
287 915 422 969 monacho
438 917 498 968 Sec.
512 917 574 978 lx.;
595 915 719 981 aquibus
729 915 885 965 insertioni-

90 1010 140 1058 bus
160 1009 263 1074 primus
283 1023 343 1058 curn
363 1007 509 1073 Egnatius,
533 1005 630 1055 deinde
650 1003 840 1056 Schonhovius
859 1010 887 1054 et

89 1098 202 1148 Vinctus
214 1112 248 1147 ex
258 1097 337 1147 libris
348 1110 483 1146 manuscr.
493 1095 708 1146 vindicaverunt.
735 1094 885 1145 Plurimum

90 1195 179 1238 autem
196 1188 258 1252 opis
273 1186 309 1238 ad
324 1203 384 1238 eum
398 1184 617 1252 perpurgandum
628 1184 801 1236 contulerunt
812 1190 885 1234 ante·

90 1277 142 1328 lrac
153 1275 350 1342 Vorheyckius,
361 1281 388 1328 et
398 1278 469 1328 inter
478 1277 645 1327 recentiores
662 1272 884 1334 helmoldus,

89 1369 118 1419 in
133 1369 254 1419 editione
268 1369 387 1430 maiore,
402 1383 474 1419 anno
486 1382 575 1433 super.
586 1382 640 1418 sec.
652 1366 684 1418 96
692 1365 721 1417 in
730 1365 817 1416 lucem
829 1364 885 1414 edi-

90 1468 132 1521 ta;
154 1459 201 1526 qui
222 1463 250 1509 ct
268 1458 297 1508 in
311 1459 414 1509 minori
427 1459 549 1509 editione
562 1461 723 1522 prosecutus
739 1462 781 1507 est
796 1461 885 1504 textus

91 1549 322 1614 emendationem,
334 1545 459 1598 adhibito
471 1547 566 1598 codiee
578 1544 707 1598 Gothano
718 1543 803 1596 seculi
813 1543 828 1592 8
839 1548 887 1592 aut

90 1641 119 1702 93
139 1639 216 1689 cuius
231 1654 266 1689 ex
274 1637 439 1689 lectionibus
449 1634 494 1686 hic
504 1649 622 1702 quoque,
637 1649 706 1702 quae
717 1633 886 1702 probabilio-

90 1743 134 1780 res
145 1728 316 1791 videbantur,
326 1731 452 1792 receptae
463 1729 532 1776 sunt.

147 1867 203 1920 Ser.
215 1867 292 1934 Lips.
302 1883 338 1918 m.
348 1858 430 1919 Mart.
442 1881 467 1917 a.
478 1864 704 1918 mocccxfflu.

580 2033 611 2096 C.
633 2031 677 2094 Η.
708 2029 824 2093 Weiee.
