<?xml version="1.0" encoding="UTF-8"?>
<!DOCTYPE html PUBLIC "-//W3C//DTD XHTML 1.0 Transitional//EN"
    "http://www.w3.org/TR/xhtml1/DTD/xhtml1-transitional.dtd">
<html xmlns="http://www.w3.org/1999/xhtml" xml:lang="en" lang="en">
 <head>
  <title>
</title>
<meta http-equiv="Content-Type" content="text/html;charset=utf-8" />
  <meta name='ocr-system' content='tesseract 3.04.00' />
  <meta name='ocr-capabilities' content='ocr_page ocr_carea ocr_par ocr_line ocrx_word'/>
</head>
<body>
  <div class='ocr_page' id='page_1' title='image "./eutropiibreviar01eutrgoog_0022.png"; bbox 0 0 1906 3330; ppageno 0'>
   <div class='ocr_carea' id='block_1_1' title="bbox 10 194 921 2585">
    <p class='ocr_par' dir='ltr' id='par_1_1' title="bbox 37 194 832 273">
     <span class='ocr_line' id='line_1_1' title="bbox 37 194 832 273; baseline 0.003 -18"><span class='ocrx_word' id='word_1_1' title='bbox 37 208 94 255; x_wconf 74' lang='lat' dir='ltr'><strong>nox</strong></span> <span class='ocrx_word' id='word_1_2' title='bbox 103 194 204 271; x_wconf 67' lang='lat' dir='ltr'><strong>preti·</strong></span> <span class='ocrx_word' id='word_1_3' title='bbox 217 196 297 253; x_wconf 83' lang='lat' dir='ltr'><strong>finem</strong></span> <span class='ocrx_word' id='word_1_4' title='bbox 311 198 391 254; x_wconf 84' lang='lat' dir='ltr'>dedit.</span> <span class='ocrx_word' id='word_1_5' title='bbox 430 200 561 256; x_wconf 86' lang='lat' dir='ltr'><strong>Laevinus</strong></span> <span class='ocrx_word' id='word_1_6' title='bbox 575 207 661 255; x_wconf 69' lang='lat' dir='ltr'><strong>umen</strong></span> <span class='ocrx_word' id='word_1_7' title='bbox 674 207 832 273; x_wconf 86' lang='lat' dir='ltr'><strong>pernoctem</strong></span> 
     </span>
    </p>

    <p class='ocr_par' dir='ltr' id='par_1_2' title="bbox 10 270 921 714">
     <span class='ocr_line' id='line_1_2' title="bbox 10 270 832 348; baseline 0.002 -22"><span class='ocrx_word' id='word_1_8' title='bbox 10 304 12 315; x_wconf 82' lang='lat'><em>=</em></span> <span class='ocrx_word' id='word_1_9' title='bbox 36 270 116 347; x_wconf 74' lang='lat' dir='ltr'><strong>fugit.</strong></span> <span class='ocrx_word' id='word_1_10' title='bbox 153 272 271 346; x_wconf 79' lang='lat' dir='ltr'>Pyrrhus</span> <span class='ocrx_word' id='word_1_11' title='bbox 286 275 415 328; x_wconf 85' lang='lat' dir='ltr'><strong>Romanos</strong></span> <span class='ocrx_word' id='word_1_12' title='bbox 430 274 670 348; x_wconf 79' lang='lat' dir='ltr'><strong>milieoctingentos</strong></span> <span class='ocrx_word' id='word_1_13' title='bbox 680 275 760 346; x_wconf 87' lang='lat' dir='ltr'><strong>oepit,</strong></span> <span class='ocrx_word' id='word_1_14' title='bbox 775 292 832 328; x_wconf 90' lang='lat' dir='ltr'><strong>eos·</strong></span> 
     </span>
     <span class='ocr_line' id='line_1_3' title="bbox 37 346 832 421; baseline 0.001 -18"><span class='ocrx_word' id='word_1_15' title='bbox 37 364 91 421; x_wconf 74' lang='lat' dir='ltr'><strong>qnae</strong></span> <span class='ocrx_word' id='word_1_16' title='bbox 103 363 210 401; x_wconf 81' lang='lat' dir='ltr'><strong>summo</strong></span> <span class='ocrx_word' id='word_1_17' title='bbox 223 346 319 402; x_wconf 93' lang='lat' dir='ltr'><strong>honore</strong></span> <span class='ocrx_word' id='word_1_18' title='bbox 332 351 461 417; x_wconf 87' lang='lat' dir='ltr'><strong>tractavit;</strong></span> <span class='ocrx_word' id='word_1_19' title='bbox 482 351 580 404; x_wconf 88' lang='lat' dir='ltr'><strong>occisos</strong></span> <span class='ocrx_word' id='word_1_20' title='bbox 593 350 721 420; x_wconf 80' lang='lat' dir='ltr'><strong>sepelivit.</strong></span> <span class='ocrx_word' id='word_1_21' title='bbox 760 349 832 415; x_wconf 88' lang='lat' dir='ltr'><strong>Quos</strong></span> 
     </span>
     <span class='ocr_line' id='line_1_4' title="bbox 38 420 832 479; baseline 0 -2"><span class='ocrx_word' id='word_1_22' title='bbox 38 438 99 477; x_wconf 88' lang='lat' dir='ltr'><strong>oum</strong></span> <span class='ocrx_word' id='word_1_23' title='bbox 109 420 219 475; x_wconf 86' lang='lat' dir='ltr'><strong>adverso</strong></span> <span class='ocrx_word' id='word_1_24' title='bbox 227 421 334 476; x_wconf 87' lang='lat' dir='ltr'><strong>vulnere</strong></span> <span class='ocrx_word' id='word_1_25' title='bbox 343 431 367 477; x_wconf 87' lang='lat' dir='ltr'><strong>et</strong></span> <span class='ocrx_word' id='word_1_26' title='bbox 378 426 442 478; x_wconf 87' lang='lat' dir='ltr'><strong>traci</strong></span> <span class='ocrx_word' id='word_1_27' title='bbox 454 425 528 478; x_wconf 88' lang='lat' dir='ltr'><strong>vultu</strong></span> <span class='ocrx_word' id='word_1_28' title='bbox 538 425 615 478; x_wconf 87' lang='lat' dir='ltr'><strong>etiam</strong></span> <span class='ocrx_word' id='word_1_29' title='bbox 624 431 739 479; x_wconf 88' lang='lat' dir='ltr'><strong>mortuos</strong></span> <span class='ocrx_word' id='word_1_30' title='bbox 751 424 832 478; x_wconf 88' lang='lat' dir='ltr'><strong>iacere</strong></span> 
     </span>
     <span class='ocr_line' id='line_1_5' title="bbox 39 494 921 563; baseline 0 -10"><span class='ocrx_word' id='word_1_31' title='bbox 39 496 162 559; x_wconf 80' lang='lat' dir='ltr'><strong>vidisset,</strong></span> <span class='ocrx_word' id='word_1_32' title='bbox 181 494 272 550; x_wconf 88' lang='lat' dir='ltr'><strong>tulisse</strong></span> <span class='ocrx_word' id='word_1_33' title='bbox 290 497 323 550; x_wconf 91' lang='lat' dir='ltr'><strong>ad</strong></span> <span class='ocrx_word' id='word_1_34' title='bbox 341 497 442 552; x_wconf 88' lang='lat' dir='ltr'><strong>coelum</strong></span> <span class='ocrx_word' id='word_1_35' title='bbox 462 516 557 553; x_wconf 91' lang='lat' dir='ltr'><strong>manus</strong></span> <span class='ocrx_word' id='word_1_36' title='bbox 576 498 683 563; x_wconf 90' lang='lat' dir='ltr'><strong>dicitur,</strong></span> <span class='ocrx_word' id='word_1_37' title='bbox 704 516 765 552; x_wconf 90' lang='lat' dir='ltr'><strong>oum</strong></span> <span class='ocrx_word' id='word_1_38' title='bbox 784 499 833 553; x_wconf 90' lang='lat' dir='ltr'><strong>hac</strong></span> <span class='ocrx_word' id='word_1_39' title='bbox 918 538 921 543; x_wconf 90' lang='lat'>-</span> 
     </span>
     <span class='ocr_line' id='line_1_6' title="bbox 39 575 833 640; baseline 0.001 -13"><span class='ocrx_word' id='word_1_40' title='bbox 39 587 116 627; x_wconf 74' lang='lat' dir='ltr'><strong>roeo:</strong></span> <span class='ocrx_word' id='word_1_41' title='bbox 136 587 163 625; x_wconf 81' lang='lat' dir='ltr'><strong>ae</strong></span> <span class='ocrx_word' id='word_1_42' title='bbox 176 576 254 624; x_wconf 76' lang='lat' dir='ltr'><strong>totius</strong></span> <span class='ocrx_word' id='word_1_43' title='bbox 265 575 334 626; x_wconf 82' lang='lat' dir='ltr'><strong>orbis</strong></span> <span class='ocrx_word' id='word_1_44' title='bbox 342 577 471 627; x_wconf 85' lang='lat' dir='ltr'><strong>dominum</strong></span> <span class='ocrx_word' id='word_1_45' title='bbox 481 590 533 628; x_wconf 81' lang='lat' dir='ltr'><strong>esse</strong></span> <span class='ocrx_word' id='word_1_46' title='bbox 540 581 665 640; x_wconf 75' lang='lat' dir='ltr'><strong>potuisse,</strong></span> <span class='ocrx_word' id='word_1_47' title='bbox 676 578 700 627; x_wconf 83' lang='lat' dir='ltr'><strong>st</strong></span> <span class='ocrx_word' id='word_1_48' title='bbox 709 577 774 628; x_wconf 80' lang='lat' dir='ltr'><strong>tales</strong></span> <span class='ocrx_word' id='word_1_49' title='bbox 783 577 833 628; x_wconf 81' lang='lat' dir='ltr'><strong>sibi</strong></span> 
     </span>
     <span class='ocr_line' id='line_1_7' title="bbox 39 648 313 714; baseline -0.004 -13"><span class='ocrx_word' id='word_1_50' title='bbox 39 648 134 701; x_wconf 78' lang='lat' dir='ltr'><strong>milites</strong></span> <span class='ocrx_word' id='word_1_51' title='bbox 143 649 313 714; x_wconf 64' lang='lat' dir='ltr'><strong>contigissent.</strong></span> 
     </span>
    </p>

    <p class='ocr_par' dir='ltr' id='par_1_3' title="bbox 41 717 837 1913">
     <span class='ocr_line' id='line_1_8' title="bbox 93 717 833 796; baseline -0.003 -20"><span class='ocrx_word' id='word_1_52' title='bbox 93 718 163 776; x_wconf 80' lang='lat' dir='ltr'><strong>Car.</strong></span> <span class='ocrx_word' id='word_1_53' title='bbox 179 719 238 773; x_wconf 86' lang='lat' dir='ltr'>XII.</span> <span class='ocrx_word' id='word_1_54' title='bbox 253 719 327 791; x_wconf 86' lang='lat' dir='ltr'><strong>(Vll.)</strong></span> <span class='ocrx_word' id='word_1_55' title='bbox 342 721 430 775; x_wconf 78' lang='lat' dir='ltr'><strong>Postea</strong></span> <span class='ocrx_word' id='word_1_56' title='bbox 443 717 478 795; x_wconf 79' lang='lat' dir='ltr'><strong>[n.</strong></span> <span class='ocrx_word' id='word_1_57' title='bbox 490 740 515 775; x_wconf 86' lang='lat' dir='ltr'><strong>u.</strong></span> <span class='ocrx_word' id='word_1_58' title='bbox 526 717 587 796; x_wconf 63' lang='lat' dir='ltr'><strong>tta]</strong></span> <span class='ocrx_word' id='word_1_59' title='bbox 599 720 724 795; x_wconf 81' lang='lat' dir='ltr'>Pyrrhus,</span> <span class='ocrx_word' id='word_1_60' title='bbox 737 720 833 774; x_wconf 89' lang='lat' dir='ltr'><strong>iunctis</strong></span> 
     </span>
     <span class='ocr_line' id='line_1_9' title="bbox 41 793 831 867; baseline -0.001 -18"><span class='ocrx_word' id='word_1_61' title='bbox 41 793 91 849; x_wconf 82' lang='lat' dir='ltr'><strong>sibi</strong></span> <span class='ocrx_word' id='word_1_62' title='bbox 100 793 272 857; x_wconf 87' lang='lat' dir='ltr'><strong>Samnitibus,</strong></span> <span class='ocrx_word' id='word_1_63' title='bbox 284 795 580 867; x_wconf 80' lang='lat' dir='ltr'><strong>Lucanis,Bruttirsque,</strong></span> <span class='ocrx_word' id='word_1_64' title='bbox 588 796 697 850; x_wconf 86' lang='lat' dir='ltr'><strong>Romam</strong></span> <span class='ocrx_word' id='word_1_65' title='bbox 708 796 831 867; x_wconf 86' lang='lat' dir='ltr'><strong>perrexit,</strong></span> 
     </span>
     <span class='ocr_line' id='line_1_10' title="bbox 42 867 833 941; baseline 0.001 -18"><span class='ocrx_word' id='word_1_66' title='bbox 42 868 129 923; x_wconf 87' lang='lat' dir='ltr'><strong>omnia</strong></span> <span class='ocrx_word' id='word_1_67' title='bbox 142 867 210 922; x_wconf 87' lang='lat' dir='ltr'><strong>ierro</strong></span> <span class='ocrx_word' id='word_1_68' title='bbox 223 868 331 940; x_wconf 85' lang='lat' dir='ltr'>ignique</span> <span class='ocrx_word' id='word_1_69' title='bbox 340 877 464 934; x_wconf 78' lang='lat' dir='ltr'><strong>vastavit,</strong></span> <span class='ocrx_word' id='word_1_70' title='bbox 480 868 650 941; x_wconf 62' lang='lat' dir='ltr'><strong>Campaniam</strong></span> <span class='ocrx_word' id='word_1_71' title='bbox 661 868 833 941; x_wconf 87' lang='lat' dir='ltr'><strong>depopulatus</strong></span> 
     </span>
     <span class='ocr_line' id='line_1_11' title="bbox 42 942 834 1014; baseline 0.004 -17"><span class='ocrx_word' id='word_1_72' title='bbox 42 949 92 1009; x_wconf 71' lang='lat' dir='ltr'><strong>ut,</strong></span> <span class='ocrx_word' id='word_1_73' title='bbox 107 950 186 1014; x_wconf 84' lang='lat' dir='ltr'><strong>atque</strong></span> <span class='ocrx_word' id='word_1_74' title='bbox 199 942 232 997; x_wconf 95' lang='lat' dir='ltr'><strong>ad</strong></span> <span class='ocrx_word' id='word_1_75' title='bbox 242 943 404 998; x_wconf 88' lang='lat' dir='ltr'><strong>Praenestem</strong></span> <span class='ocrx_word' id='word_1_76' title='bbox 415 945 486 998; x_wconf 89' lang='lat' dir='ltr'><strong>venit</strong></span> <span class='ocrx_word' id='word_1_77' title='bbox 495 945 617 999; x_wconf 88' lang='lat' dir='ltr'><strong>milliario</strong></span> <span class='ocrx_word' id='word_1_78' title='bbox 626 946 659 999; x_wconf 90' lang='lat' dir='ltr'><strong>ah</strong></span> <span class='ocrx_word' id='word_1_79' title='bbox 669 944 734 1000; x_wconf 90' lang='lat' dir='ltr'><strong>urbe</strong></span> <span class='ocrx_word' id='word_1_80' title='bbox 743 952 834 1000; x_wconf 81' lang='lat' dir='ltr'><strong>octavo</strong></span> 
     </span>
     <span class='ocr_line' id='line_1_12' title="bbox 42 1016 835 1092; baseline 0.001 -19"><span class='ocrx_word' id='word_1_81' title='bbox 42 1016 151 1073; x_wconf 72' lang='lat' dir='ltr'><strong>damn</strong></span> <span class='ocrx_word' id='word_1_82' title='bbox 175 1018 237 1072; x_wconf 82' lang='lat' dir='ltr'><strong>Mox</strong></span> <span class='ocrx_word' id='word_1_83' title='bbox 246 1027 341 1072; x_wconf 85' lang='lat' dir='ltr'><strong>terrore</strong></span> <span class='ocrx_word' id='word_1_84' title='bbox 349 1019 485 1084; x_wconf 86' lang='lat' dir='ltr'><strong>exercitus,</strong></span> <span class='ocrx_word' id='word_1_85' title='bbox 496 1020 614 1092; x_wconf 89' lang='lat' dir='ltr'><strong>quicum</strong></span> <span class='ocrx_word' id='word_1_86' title='bbox 625 1019 731 1074; x_wconf 86' lang='lat' dir='ltr'><strong>consule</strong></span> <span class='ocrx_word' id='word_1_87' title='bbox 741 1037 835 1091; x_wconf 87' lang='lat' dir='ltr'><strong>seque·</strong></span> 
     </span>
     <span class='ocr_line' id='line_1_13' title="bbox 42 1090 835 1167; baseline -0.001 -19"><span class='ocrx_word' id='word_1_88' title='bbox 42 1090 132 1157; x_wconf 87' lang='lat' dir='ltr'><strong>hatur,</strong></span> <span class='ocrx_word' id='word_1_89' title='bbox 147 1092 176 1145; x_wconf 92' lang='lat' dir='ltr'><strong>in</strong></span> <span class='ocrx_word' id='word_1_90' title='bbox 192 1091 361 1163; x_wconf 78' lang='lat' dir='ltr'><strong>Campaniam</strong></span> <span class='ocrx_word' id='word_1_91' title='bbox 375 1111 404 1148; x_wconf 90' lang='lat' dir='ltr'><strong>se</strong></span> <span class='ocrx_word' id='word_1_92' title='bbox 416 1095 519 1165; x_wconf 88' lang='lat' dir='ltr'><strong>recepit.</strong></span> <span class='ocrx_word' id='word_1_93' title='bbox 558 1095 646 1166; x_wconf 80' lang='lat' dir='ltr'><strong>Legati</strong></span> <span class='ocrx_word' id='word_1_94' title='bbox 659 1094 691 1148; x_wconf 94' lang='lat' dir='ltr'><strong>ad</strong></span> <span class='ocrx_word' id='word_1_95' title='bbox 702 1095 835 1167; x_wconf 91' lang='lat' dir='ltr'><strong>Pyrrhum</strong></span> 
     </span>
     <span class='ocr_line' id='line_1_14' title="bbox 42 1165 833 1239; baseline -0.003 -16"><span class='ocrx_word' id='word_1_96' title='bbox 42 1165 75 1223; x_wconf 89' lang='lat' dir='ltr'><strong>de</strong></span> <span class='ocrx_word' id='word_1_97' title='bbox 85 1166 245 1223; x_wconf 80' lang='lat' dir='ltr'>redimendis</span> <span class='ocrx_word' id='word_1_98' title='bbox 256 1168 366 1237; x_wconf 87' lang='lat' dir='ltr'><strong>captivis</strong></span> <span class='ocrx_word' id='word_1_99' title='bbox 378 1167 466 1231; x_wconf 90' lang='lat' dir='ltr'><strong>missi,</strong></span> <span class='ocrx_word' id='word_1_100' title='bbox 481 1169 514 1222; x_wconf 92' lang='lat' dir='ltr'><strong>ah</strong></span> <span class='ocrx_word' id='word_1_101' title='bbox 527 1185 558 1222; x_wconf 91' lang='lat' dir='ltr'><strong>eo</strong></span> <span class='ocrx_word' id='word_1_102' title='bbox 571 1168 711 1222; x_wconf 84' lang='lat' dir='ltr'><strong>honorifice</strong></span> <span class='ocrx_word' id='word_1_103' title='bbox 721 1169 833 1239; x_wconf 89' lang='lat' dir='ltr'><strong>suseepti</strong></span> 
     </span>
     <span class='ocr_line' id='line_1_15' title="bbox 41 1241 835 1313; baseline 0.003 -16"><span class='ocrx_word' id='word_1_104' title='bbox 41 1248 117 1309; x_wconf 82' lang='lat' dir='ltr'><strong>sunt;</strong></span> <span class='ocrx_word' id='word_1_105' title='bbox 137 1241 253 1312; x_wconf 88' lang='lat' dir='ltr'><strong>captivos</strong></span> <span class='ocrx_word' id='word_1_106' title='bbox 271 1242 328 1297; x_wconf 89' lang='lat' dir='ltr'><strong>sine</strong></span> <span class='ocrx_word' id='word_1_107' title='bbox 346 1242 428 1313; x_wconf 89' lang='lat' dir='ltr'><strong>pretio</strong></span> <span class='ocrx_word' id='word_1_108' title='bbox 444 1242 553 1296; x_wconf 87' lang='lat' dir='ltr'><strong>Romam</strong></span> <span class='ocrx_word' id='word_1_109' title='bbox 573 1242 655 1296; x_wconf 86' lang='lat' dir='ltr'><strong>misit.</strong></span> <span class='ocrx_word' id='word_1_110' title='bbox 694 1242 782 1296; x_wconf 90' lang='lat' dir='ltr'><strong>Unum</strong></span> <span class='ocrx_word' id='word_1_111' title='bbox 801 1259 835 1299; x_wconf 80' lang='lat' dir='ltr'><strong>ex</strong></span> 
     </span>
     <span class='ocr_line' id='line_1_16' title="bbox 41 1314 833 1391; baseline -0.005 -18"><span class='ocrx_word' id='word_1_112' title='bbox 41 1314 133 1391; x_wconf 82' lang='lat' dir='ltr'><strong>legatis</strong></span> <span class='ocrx_word' id='word_1_113' title='bbox 144 1317 333 1382; x_wconf 83' lang='lat' dir='ltr'><strong>Romanorum,</strong></span> <span class='ocrx_word' id='word_1_114' title='bbox 347 1317 511 1381; x_wconf 81' lang='lat' dir='ltr'><strong>Fabricium,</strong></span> <span class='ocrx_word' id='word_1_115' title='bbox 526 1317 564 1372; x_wconf 92' lang='lat' dir='ltr'><strong>sio</strong></span> <span class='ocrx_word' id='word_1_116' title='bbox 573 1316 717 1372; x_wconf 83' lang='lat' dir='ltr'><strong>admiratus</strong></span> <span class='ocrx_word' id='word_1_117' title='bbox 727 1324 778 1382; x_wconf 87' lang='lat' dir='ltr'><strong>est,</strong></span> <span class='ocrx_word' id='word_1_118' title='bbox 794 1324 833 1377; x_wconf 91' lang='lat' dir='ltr'><strong>ut,</strong></span> 
     </span>
     <span class='ocr_line' id='line_1_17' title="bbox 41 1391 835 1465; baseline -0.004 -18"><span class='ocrx_word' id='word_1_119' title='bbox 41 1408 104 1447; x_wconf 78' lang='lat' dir='ltr'><strong>onim</strong></span> <span class='ocrx_word' id='word_1_120' title='bbox 113 1408 175 1445; x_wconf 87' lang='lat' dir='ltr'><strong>eum</strong></span> <span class='ocrx_word' id='word_1_121' title='bbox 184 1408 325 1462; x_wconf 89' lang='lat' dir='ltr'><strong>pauperem</strong></span> <span class='ocrx_word' id='word_1_122' title='bbox 334 1409 390 1446; x_wconf 80' lang='lat' dir='ltr'><strong>esse</strong></span> <span class='ocrx_word' id='word_1_123' title='bbox 399 1393 570 1465; x_wconf 77' lang='lat' dir='ltr'><strong>cognovisset,</strong></span> <span class='ocrx_word' id='word_1_124' title='bbox 578 1400 669 1464; x_wconf 85' lang='lat' dir='ltr'><strong>quarta</strong></span> <span class='ocrx_word' id='word_1_125' title='bbox 680 1398 751 1463; x_wconf 83' lang='lat' dir='ltr'><strong>parte</strong></span> <span class='ocrx_word' id='word_1_126' title='bbox 760 1391 835 1465; x_wconf 80' lang='lat' dir='ltr'><strong>regni</strong></span> 
     </span>
     <span class='ocr_line' id='line_1_18' title="bbox 41 1465 837 1541; baseline 0 -21"><span class='ocrx_word' id='word_1_127' title='bbox 41 1465 185 1541; x_wconf 81' lang='lat' dir='ltr'><strong>promissa,</strong></span> <span class='ocrx_word' id='word_1_128' title='bbox 200 1465 336 1521; x_wconf 87' lang='lat' dir='ltr'><strong>sollicitare</strong></span> <span class='ocrx_word' id='word_1_129' title='bbox 349 1467 473 1532; x_wconf 88' lang='lat' dir='ltr'><strong>voluerit,</strong></span> <span class='ocrx_word' id='word_1_130' title='bbox 487 1475 517 1521; x_wconf 84' lang='lat' dir='ltr'><strong>ut</strong></span> <span class='ocrx_word' id='word_1_131' title='bbox 532 1467 565 1522; x_wconf 95' lang='lat' dir='ltr'><strong>ad</strong></span> <span class='ocrx_word' id='word_1_132' title='bbox 581 1485 609 1521; x_wconf 89' lang='lat' dir='ltr'><strong>se</strong></span> <span class='ocrx_word' id='word_1_133' title='bbox 618 1466 750 1535; x_wconf 81' lang='lat' dir='ltr'><strong>transiret3</strong></span> <span class='ocrx_word' id='word_1_134' title='bbox 772 1483 837 1520; x_wconf 89' lang='lat' dir='ltr'><strong>cou-</strong></span> 
     </span>
     <span class='ocr_line' id='line_1_19' title="bbox 42 1540 836 1616; baseline -0.003 -19"><span class='ocrx_word' id='word_1_135' title='bbox 42 1547 209 1613; x_wconf 85' lang='lat' dir='ltr'><strong>temptusque</strong></span> <span class='ocrx_word' id='word_1_136' title='bbox 218 1559 232 1595; x_wconf 95' lang='lat' dir='ltr'><strong>a</strong></span> <span class='ocrx_word' id='word_1_137' title='bbox 241 1540 360 1596; x_wconf 82' lang='lat' dir='ltr'><strong>Fabricio</strong></span> <span class='ocrx_word' id='word_1_138' title='bbox 369 1550 417 1597; x_wconf 88' lang='lat' dir='ltr'><strong>est.</strong></span> <span class='ocrx_word' id='word_1_139' title='bbox 441 1541 526 1609; x_wconf 86' lang='lat' dir='ltr'><strong>Quare</strong></span> <span class='ocrx_word' id='word_1_140' title='bbox 535 1560 595 1596; x_wconf 91' lang='lat' dir='ltr'><strong>oum</strong></span> <span class='ocrx_word' id='word_1_141' title='bbox 607 1542 724 1616; x_wconf 85' lang='lat' dir='ltr'><strong>Pyrrhus</strong></span> <span class='ocrx_word' id='word_1_142' title='bbox 736 1541 836 1615; x_wconf 83' lang='lat' dir='ltr'><strong>ingenti</strong></span> 
     </span>
     <span class='ocr_line' id='line_1_20' title="bbox 42 1616 837 1690; baseline 0 -19"><span class='ocrx_word' id='word_1_143' title='bbox 42 1616 220 1671; x_wconf 87' lang='lat' dir='ltr'><strong>Romanorum</strong></span> <span class='ocrx_word' id='word_1_144' title='bbox 230 1616 401 1672; x_wconf 83' lang='lat' dir='ltr'><strong>admiratione</strong></span> <span class='ocrx_word' id='word_1_145' title='bbox 410 1625 550 1682; x_wconf 88' lang='lat' dir='ltr'><strong>teneretur,</strong></span> <span class='ocrx_word' id='word_1_146' title='bbox 563 1616 676 1690; x_wconf 82' lang='lat' dir='ltr'><strong>legatum</strong></span> <span class='ocrx_word' id='word_1_147' title='bbox 687 1617 773 1681; x_wconf 87' lang='lat' dir='ltr'><strong>misit,</strong></span> <span class='ocrx_word' id='word_1_148' title='bbox 788 1617 837 1688; x_wconf 91' lang='lat' dir='ltr'><strong>qui</strong></span> 
     </span>
     <span class='ocr_line' id='line_1_21' title="bbox 41 1690 834 1765; baseline -0.001 -20"><span class='ocrx_word' id='word_1_149' title='bbox 41 1707 133 1765; x_wconf 82' lang='lat' dir='ltr'><strong>paoem</strong></span> <span class='ocrx_word' id='word_1_150' title='bbox 142 1690 233 1762; x_wconf 82' lang='lat' dir='ltr'><strong>aequis</strong></span> <span class='ocrx_word' id='word_1_151' title='bbox 243 1691 434 1746; x_wconf 86' lang='lat' dir='ltr'><strong>conditionibus</strong></span> <span class='ocrx_word' id='word_1_152' title='bbox 444 1700 547 1763; x_wconf 85' lang='lat' dir='ltr'><strong>peteret,</strong></span> <span class='ocrx_word' id='word_1_153' title='bbox 558 1692 727 1763; x_wconf 87' lang='lat' dir='ltr'><strong>praecipuum</strong></span> <span class='ocrx_word' id='word_1_154' title='bbox 736 1690 834 1754; x_wconf 85' lang='lat' dir='ltr'><strong>virum,</strong></span> 
     </span>
     <span class='ocr_line' id='line_1_22' title="bbox 42 1765 835 1840; baseline -0.005 -17"><span class='ocrx_word' id='word_1_155' title='bbox 42 1765 151 1823; x_wconf 81' lang='lat' dir='ltr'><strong>Cineam</strong></span> <span class='ocrx_word' id='word_1_156' title='bbox 166 1766 285 1830; x_wconf 86' lang='lat' dir='ltr'><strong>nomine,</strong></span> <span class='ocrx_word' id='word_1_157' title='bbox 304 1766 339 1820; x_wconf 90' lang='lat' dir='ltr'><strong>ita</strong></span> <span class='ocrx_word' id='word_1_158' title='bbox 354 1774 384 1822; x_wconf 91' lang='lat' dir='ltr'><strong>ut</strong></span> <span class='ocrx_word' id='word_1_159' title='bbox 397 1767 515 1840; x_wconf 84' lang='lat' dir='ltr'><strong>Pyrrhus</strong></span> <span class='ocrx_word' id='word_1_160' title='bbox 528 1774 626 1840; x_wconf 85' lang='lat' dir='ltr'><strong>partem</strong></span> <span class='ocrx_word' id='word_1_161' title='bbox 638 1765 737 1831; x_wconf 86' lang='lat' dir='ltr'><strong>ltaliae,</strong></span> <span class='ocrx_word' id='word_1_162' title='bbox 753 1782 835 1838; x_wconf 89' lang='lat' dir='ltr'><strong>quam</strong></span> 
     </span>
     <span class='ocr_line' id='line_1_23' title="bbox 42 1840 523 1913; baseline -0.004 -16"><span class='ocrx_word' id='word_1_163' title='bbox 42 1841 95 1897; x_wconf 89' lang='lat' dir='ltr'><strong>iam</strong></span> <span class='ocrx_word' id='word_1_164' title='bbox 106 1840 187 1895; x_wconf 86' lang='lat' dir='ltr'><strong>armis</strong></span> <span class='ocrx_word' id='word_1_165' title='bbox 198 1848 376 1913; x_wconf 86' lang='lat' dir='ltr'><strong>occupaverat,</strong></span> <span class='ocrx_word' id='word_1_166' title='bbox 387 1841 523 1897; x_wconf 87' lang='lat' dir='ltr'><strong>obtineret.</strong></span> 
     </span>
    </p>

    <p class='ocr_par' dir='ltr' id='par_1_4' title="bbox 41 1914 838 2585">
     <span class='ocr_line' id='line_1_24' title="bbox 97 1914 836 1989; baseline -0.004 -17"><span class='ocrx_word' id='word_1_167' title='bbox 97 1914 166 1972; x_wconf 80' lang='lat' dir='ltr'><strong>Car.</strong></span> <span class='ocrx_word' id='word_1_168' title='bbox 181 1914 253 1970; x_wconf 82' lang='lat' dir='ltr'><strong>xm.</strong></span> <span class='ocrx_word' id='word_1_169' title='bbox 274 1916 328 1971; x_wconf 83' lang='lat' dir='ltr'><strong>Pax</strong></span> <span class='ocrx_word' id='word_1_170' title='bbox 335 1914 478 1989; x_wconf 82' lang='lat' dir='ltr'><strong>displicuit,</strong></span> <span class='ocrx_word' id='word_1_171' title='bbox 491 1914 724 1986; x_wconf 88' lang='lat' dir='ltr'><strong>remandatumque</strong></span> <span class='ocrx_word' id='word_1_172' title='bbox 735 1915 836 1989; x_wconf 87' lang='lat' dir='ltr'><strong>Pyrrho</strong></span> 
     </span>
     <span class='ocr_line' id='line_1_25' title="bbox 42 1989 837 2054; baseline -0.003 -9"><span class='ocrx_word' id='word_1_173' title='bbox 42 2008 58 2045; x_wconf 86' lang='lat' dir='ltr'><strong>a</strong></span> <span class='ocrx_word' id='word_1_174' title='bbox 70 1997 164 2045; x_wconf 82' lang='lat' dir='ltr'><strong>senatu</strong></span> <span class='ocrx_word' id='word_1_175' title='bbox 174 1996 221 2053; x_wconf 84' lang='lat' dir='ltr'><strong>eat,</strong></span> <span class='ocrx_word' id='word_1_176' title='bbox 232 2006 295 2044; x_wconf 88' lang='lat' dir='ltr'><strong>eum</strong></span> <span class='ocrx_word' id='word_1_177' title='bbox 304 2007 365 2045; x_wconf 87' lang='lat' dir='ltr'><strong>cum</strong></span> <span class='ocrx_word' id='word_1_178' title='bbox 374 1990 513 2054; x_wconf 85' lang='lat' dir='ltr'><strong>Romanis,</strong></span> <span class='ocrx_word' id='word_1_179' title='bbox 530 1990 581 2044; x_wconf 90' lang='lat' dir='ltr'><strong>nisi</strong></span> <span class='ocrx_word' id='word_1_180' title='bbox 591 2007 624 2044; x_wconf 86' lang='lat' dir='ltr'><strong>ex</strong></span> <span class='ocrx_word' id='word_1_181' title='bbox 634 1989 706 2044; x_wconf 87' lang='lat' dir='ltr'><strong>italia</strong></span> <span class='ocrx_word' id='word_1_182' title='bbox 717 1990 837 2044; x_wconf 86' lang='lat' dir='ltr'><strong>recessis·</strong></span> 
     </span>
     <span class='ocr_line' id='line_1_26' title="bbox 42 2064 837 2138; baseline -0.003 -19"><span class='ocrx_word' id='word_1_183' title='bbox 42 2072 94 2130; x_wconf 86' lang='lat' dir='ltr'><strong>eet,</strong></span> <span class='ocrx_word' id='word_1_184' title='bbox 109 2081 201 2137; x_wconf 88' lang='lat' dir='ltr'><strong>paoem</strong></span> <span class='ocrx_word' id='word_1_185' title='bbox 213 2064 309 2123; x_wconf 88' lang='lat' dir='ltr'><strong>habere</strong></span> <span class='ocrx_word' id='word_1_186' title='bbox 320 2082 373 2121; x_wconf 89' lang='lat' dir='ltr'><strong>non</strong></span> <span class='ocrx_word' id='word_1_187' title='bbox 381 2082 468 2138; x_wconf 87' lang='lat' dir='ltr'><strong>posse.</strong></span> <span class='ocrx_word' id='word_1_188' title='bbox 506 2066 574 2119; x_wconf 85' lang='lat' dir='ltr'><strong>Tum</strong></span> <span class='ocrx_word' id='word_1_189' title='bbox 585 2064 694 2118; x_wconf 82' lang='lat' dir='ltr'><strong>Romani</strong></span> <span class='ocrx_word' id='word_1_190' title='bbox 705 2065 837 2120; x_wconf 88' lang='lat' dir='ltr'><strong>iusserunt</strong></span> 
     </span>
     <span class='ocr_line' id='line_1_27' title="bbox 43 2138 836 2214; baseline -0.004 -21"><span class='ocrx_word' id='word_1_191' title='bbox 43 2139 158 2211; x_wconf 77' lang='lat' dir='ltr'><strong>captivos</strong></span> <span class='ocrx_word' id='word_1_192' title='bbox 184 2156 290 2205; x_wconf 82' lang='lat' dir='ltr'><strong>omnes,</strong></span> <span class='ocrx_word' id='word_1_193' title='bbox 314 2157 381 2211; x_wconf 88' lang='lat' dir='ltr'><strong>quos</strong></span> <span class='ocrx_word' id='word_1_194' title='bbox 403 2139 522 2214; x_wconf 86' lang='lat' dir='ltr'><strong>Pyrrhus</strong></span> <span class='ocrx_word' id='word_1_195' title='bbox 543 2138 700 2203; x_wconf 84' lang='lat' dir='ltr'><strong>reddiderat,</strong></span> <span class='ocrx_word' id='word_1_196' title='bbox 726 2138 836 2195; x_wconf 85' lang='lat' dir='ltr'><strong>infames</strong></span> 
     </span>
     <span class='ocr_line' id='line_1_28' title="bbox 43 2211 837 2287; baseline -0.005 -18"><span class='ocrx_word' id='word_1_197' title='bbox 43 2212 149 2281; x_wconf 84' lang='lat' dir='ltr'><strong>haberi,</strong></span> <span class='ocrx_word' id='word_1_198' title='bbox 169 2213 241 2286; x_wconf 86' lang='lat' dir='ltr'><strong>quod</strong></span> <span class='ocrx_word' id='word_1_199' title='bbox 254 2215 346 2271; x_wconf 88' lang='lat' dir='ltr'><strong>armati</strong></span> <span class='ocrx_word' id='word_1_200' title='bbox 362 2215 421 2287; x_wconf 86' lang='lat' dir='ltr'><strong>capi</strong></span> <span class='ocrx_word' id='word_1_201' title='bbox 434 2214 592 2286; x_wconf 84' lang='lat' dir='ltr'><strong>potuissent,</strong></span> <span class='ocrx_word' id='word_1_202' title='bbox 614 2230 661 2268; x_wconf 85' lang='lat' dir='ltr'><strong>neo</strong></span> <span class='ocrx_word' id='word_1_203' title='bbox 674 2221 733 2269; x_wconf 91' lang='lat' dir='ltr'><strong>ante</strong></span> <span class='ocrx_word' id='word_1_204' title='bbox 745 2230 789 2267; x_wconf 88' lang='lat' dir='ltr'><strong>eos</strong></span> <span class='ocrx_word' id='word_1_205' title='bbox 803 2211 837 2266; x_wconf 91' lang='lat' dir='ltr'><strong>ad</strong></span> 
     </span>
     <span class='ocr_line' id='line_1_29' title="bbox 43 2286 837 2362; baseline -0.006 -19"><span class='ocrx_word' id='word_1_206' title='bbox 43 2296 157 2345; x_wconf 84' lang='lat' dir='ltr'><strong>veterem</strong></span> <span class='ocrx_word' id='word_1_207' title='bbox 165 2296 262 2344; x_wconf 84' lang='lat' dir='ltr'><strong>statum</strong></span> <span class='ocrx_word' id='word_1_208' title='bbox 271 2289 374 2355; x_wconf 85' lang='lat' dir='ltr'><strong>reverti,</strong></span> <span class='ocrx_word' id='word_1_209' title='bbox 386 2306 468 2362; x_wconf 91' lang='lat' dir='ltr'><strong>quam</strong></span> <span class='ocrx_word' id='word_1_210' title='bbox 478 2289 501 2343; x_wconf 90' lang='lat' dir='ltr'><strong>si</strong></span> <span class='ocrx_word' id='word_1_211' title='bbox 511 2288 634 2343; x_wconf 89' lang='lat' dir='ltr'><strong>binorum</strong></span> <span class='ocrx_word' id='word_1_212' title='bbox 645 2288 760 2342; x_wconf 91' lang='lat' dir='ltr'><strong>hostium</strong></span> <span class='ocrx_word' id='word_1_213' title='bbox 770 2286 837 2340; x_wconf 87' lang='lat' dir='ltr'><strong>oeci-</strong></span> 
     </span>
     <span class='ocr_line' id='line_1_30' title="bbox 41 2361 837 2439; baseline -0.008 -20"><span class='ocrx_word' id='word_1_214' title='bbox 41 2380 133 2419; x_wconf 83' lang='lat' dir='ltr'><strong>sorum</strong></span> <span class='ocrx_word' id='word_1_215' title='bbox 147 2362 230 2435; x_wconf 84' lang='lat' dir='ltr'><strong>spolia</strong></span> <span class='ocrx_word' id='word_1_216' title='bbox 243 2363 401 2419; x_wconf 78' lang='lat' dir='ltr'><strong>remiissent.</strong></span> <span class='ocrx_word' id='word_1_217' title='bbox 440 2365 477 2418; x_wconf 91' lang='lat' dir='ltr'><strong>ita</strong></span> <span class='ocrx_word' id='word_1_218' title='bbox 491 2363 591 2439; x_wconf 80' lang='lat' dir='ltr'><strong>legatus</strong></span> <span class='ocrx_word' id='word_1_219' title='bbox 607 2361 702 2436; x_wconf 86' lang='lat' dir='ltr'><strong>Pyrrhi</strong></span> <span class='ocrx_word' id='word_1_220' title='bbox 717 2377 837 2415; x_wconf 85' lang='lat' dir='ltr'><strong>reversus</strong></span> 
     </span>
     <span class='ocr_line' id='line_1_31' title="bbox 41 2437 838 2512; baseline -0.006 -19"><span class='ocrx_word' id='word_1_221' title='bbox 41 2445 91 2493; x_wconf 83' lang='lat' dir='ltr'><strong>est.</strong></span> <span class='ocrx_word' id='word_1_222' title='bbox 130 2437 223 2510; x_wconf 80' lang='lat' dir='ltr'><strong>hquo</strong></span> <span class='ocrx_word' id='word_1_223' title='bbox 240 2454 302 2493; x_wconf 90' lang='lat' dir='ltr'><strong>cum</strong></span> <span class='ocrx_word' id='word_1_224' title='bbox 319 2446 454 2511; x_wconf 86' lang='lat' dir='ltr'><strong>quaereret</strong></span> <span class='ocrx_word' id='word_1_225' title='bbox 465 2438 597 2512; x_wconf 85' lang='lat' dir='ltr'><strong>Pyrrhus,</strong></span> <span class='ocrx_word' id='word_1_226' title='bbox 616 2439 717 2506; x_wconf 73' lang='lat' dir='ltr'><strong>quatem</strong></span> <span class='ocrx_word' id='word_1_227' title='bbox 732 2437 838 2490; x_wconf 71' lang='lat' dir='ltr'><strong>Roaiam</strong></span> 
     </span>
     <span class='ocr_line' id='line_1_32' title="bbox 43 2510 837 2585; baseline -0.005 -16"><span class='ocrx_word' id='word_1_228' title='bbox 43 2510 226 2585; x_wconf 69' lang='lat' dir='ltr'><strong>compedem?</strong></span> <span class='ocrx_word' id='word_1_229' title='bbox 244 2512 338 2570; x_wconf 82' lang='lat' dir='ltr'><strong>Cineas</strong></span> <span class='ocrx_word' id='word_1_230' title='bbox 355 2513 437 2569; x_wconf 86' lang='lat' dir='ltr'><strong>dixit:</strong></span> <span class='ocrx_word' id='word_1_231' title='bbox 457 2530 545 2584; x_wconf 77' lang='lat' dir='ltr'><strong>reyom</strong></span> <span class='ocrx_word' id='word_1_232' title='bbox 559 2530 587 2569; x_wconf 82' lang='lat' dir='ltr'><strong>ee</strong></span> <span class='ocrx_word' id='word_1_233' title='bbox 602 2515 717 2580; x_wconf 76' lang='lat' dir='ltr'><strong>patriam</strong></span> <span class='ocrx_word' id='word_1_234' title='bbox 729 2514 837 2575; x_wconf 61' lang='lat' dir='ltr'><strong>cidisse&lt;</strong></span> 
     </span>
    </p>
   </div>
   <div class='ocr_carea' id='block_1_2' title="bbox 10 39 833 301">
    <p class='ocr_par' dir='ltr' id='par_1_5' title="bbox 10 39 833 301">
     <span class='ocr_line' id='line_1_33' title="bbox 135 39 830 95; baseline 0.009 -26"><span class='ocrx_word' id='word_1_235' title='bbox 135 40 188 95; x_wconf 46' lang='lat' dir='ltr'><strong>,eyn</strong></span> <span class='ocrx_word' id='word_1_236' title='bbox 350 39 466 73; x_wconf 72' lang='lat' dir='ltr'><strong>mrarsm</strong></span> <span class='ocrx_word' id='word_1_237' title='bbox 485 39 521 73; x_wconf 80' lang='lat' dir='ltr'><strong>u.</strong></span> <span class='ocrx_word' id='word_1_238' title='bbox 799 39 830 75; x_wconf 82' lang='lat' dir='ltr'><strong>to</strong></span> 
     </span>
     <span class='ocr_line' id='line_1_34' title="bbox 10 39 833 301; baseline 0.007 -124"><span class='ocrx_word' id='word_1_239' title='bbox 10 39 221 301; x_wconf 49' lang='lat' dir='ltr'><strong>Which.</strong></span> <span class='ocrx_word' id='word_1_240' title='bbox 231 138 300 196; x_wconf 81' lang='lat' dir='ltr'><strong>quos</strong></span> <span class='ocrx_word' id='word_1_241' title='bbox 312 126 457 199; x_wconf 77' lang='lat' dir='ltr'><strong>incognitos</strong></span> <span class='ocrx_word' id='word_1_242' title='bbox 466 125 577 181; x_wconf 85' lang='lat' dir='ltr'><strong>Romani</strong></span> <span class='ocrx_word' id='word_1_243' title='bbox 588 132 763 198; x_wconf 75' lang='lat' dir='ltr'><strong>expaverunt3</strong></span> <span class='ocrx_word' id='word_1_244' title='bbox 784 126 833 183; x_wconf 82' lang='lat' dir='ltr'><strong>scd</strong></span> 
     </span>
    </p>
   </div>
   <div class='ocr_carea' id='block_1_3' title="bbox 0 0 965 3330">
    <p class='ocr_par' dir='ltr' id='par_1_6' title="bbox 0 0 965 3330">
     <span class='ocr_line' id='line_1_35' title="bbox 0 0 965 3330; baseline 0 0"><span class='ocrx_word' id='word_1_245' title='bbox 0 0 965 3330; x_wconf 95' lang='lat' dir='ltr'><strong> </strong></span> 
     </span>
    </p>
   </div>
  </div>
 </body>
</html>
