1906 3330
86 187 101 239 o
130 251 131 254 Ἴ
385 192 573 239 surnoru

86 308 167 346 uxore
184 293 327 346 consenuit.
367 291 463 358 Quarto
480 309 549 347 anno
568 290 603 366 [s.
614 311 640 349 u.
651 289 712 368 utu]
726 300 785 364 post
798 309 873 366 reges

85 374 199 431 exectos,
214 383 275 420 oum
288 365 378 420 Sabini
392 367 516 421 Romanis
525 367 624 421 bellum
633 367 794 432 intulissent,
809 367 873 421 vieti

85 449 156 506 sunt,
168 448 194 494 et
202 440 284 494 dehis
294 449 333 494 est
343 440 542 512 triumphatum.
571 441 667 508 Quinto
676 458 744 497 snno
753 440 874 496 Valerius

87 514 143 580 ille,
159 515 230 568 Bruti
244 514 340 588 oollega
352 522 377 568 et
390 523 480 586 quater
494 516 560 571 Cos.
574 516 682 570 letaliter
695 524 814 570 mortuus
823 523 871 581 est,

87 587 122 663 [s.
134 608 159 644 u.
171 586 231 661 ltu]
242 589 304 643 odeo
318 607 430 661 pauper,
448 599 489 654 ut,
505 590 603 645 oollatis
616 592 735 663 epopulo
743 591 871 654 nummis,

86 671 203 716 sumtum
223 664 341 717 habuerit
358 665 517 735 sepulturae;
543 682 623 737 quem
641 674 784 730 matronae,
806 665 874 718 siout

85 738 204 802 Brutum,
217 756 315 792 annum
326 738 457 793 luxerunt.

141 811 209 866 Cis.
230 814 289 867 Xll.
310 813 376 885 (Xl.)
395 815 469 867 Nono
478 830 546 867 anno
554 822 612 883 post
620 831 692 886 reges
705 820 820 875 exectos,
836 809 872 885 [s.

87 905 112 941 u.
123 884 184 960 tou]
195 904 255 941 oum
265 904 343 960 gener
354 888 502 958 Tarquinii,
519 888 552 941 sd
562 888 685 941 iniuriam
695 887 774 941 soceri
786 887 875 942 vindi-

86 960 210 1026 eandam,
226 966 356 1034 ingentem
370 961 513 1034 collegisset
530 962 684 1026 exereitum,
701 979 768 1016 nova
778 961 874 1015 Romae

86 1035 200 1108 dignitus
210 1044 346 1099 estoreota,
357 1052 424 1106 quae
437 1037 609 1089 Drcrsruss
628 1035 780 1107 appellatur,
792 1036 874 1089 maior

86 1127 167 1180 quam
195 1109 353 1163 oonsulstus.
392 1109 489 1163 Eodem
518 1126 586 1163 anno
612 1110 689 1164 otiam
717 1111 874 1165 Msorsrsn

87 1201 218 1244 nourruu
238 1182 320 1237 iactus
333 1190 384 1247 est,
400 1185 447 1254 qui
459 1183 574 1237 dictatori
589 1183 783 1256 obsequeretur.
822 1185 874 1238 Ne-

87 1275 139 1328 que
158 1257 304 1329 quidquam
326 1256 439 1311 similius
457 1265 538 1329 potest
557 1257 622 1323 dici,
646 1276 727 1331 quom
749 1259 874 1312 diototum

87 1332 203 1402 antiqua,
216 1332 278 1387 huie
288 1332 388 1404 imperii
398 1332 610 1404 potestati,quam
621 1350 692 1388 nuno
701 1333 874 1404 tranquillitos

88 1414 172 1461 vestra
188 1407 277 1475 habet3
299 1411 412 1461 maxime
426 1424 486 1461 oum
496 1408 631 1481 Augustus
641 1406 874 1480 quoqueOctnvio-

87 1499 151 1546 nus,
167 1481 265 1552 dequo
278 1490 364 1552 postes
377 1481 506 1544 dicemus,
522 1491 547 1536 et
555 1491 614 1535 ante
622 1499 683 1536 eum
693 1482 771 1536 Cuius
782 1482 874 1536 Caesar

87 1557 138 1609 sub
148 1556 287 1609 dictaturae
295 1556 399 1609 nomine
407 1564 484 1626 atque
492 1556 588 1609 honoro
596 1556 769 1629 regnaverint.
791 1555 875 1608 Dictu-

88 1637 127 1683 tor
141 1638 226 1683 autem
241 1631 336 1683 Romae
348 1629 450 1700 primus
464 1627 513 1682 luit
525 1629 642 1697 Lartius;
663 1628 786 1703 magister
799 1630 875 1701 equi-

87 1711 144 1757 tum
155 1703 256 1773 primus
267 1703 312 1773 Sp.
323 1703 438 1757 Cassius.

142 1778 210 1831 Cre.
231 1778 302 1831 Xlll.
336 1776 405 1847 Xll.)
427 1775 505 1830 Sexto
522 1775 622 1831 decium
640 1795 708 1832 enno
726 1785 784 1850 post
802 1794 875 1851 reges

87 1859 189 1906 exectos
201 1849 226 1925 [s
246 1870 271 1906 u.
282 1862 331 1904 260.
352 1850 504 1905 seditionem
514 1851 627 1922 populus
636 1853 732 1907 Romae
740 1852 807 1917 iecit,
819 1861 876 1906 ton-

88 1943 169 1997 quam
183 1944 197 1978 a
210 1932 300 1979 senatu
316 1932 393 1996 atque
405 1924 558 1979 oonsulibus
567 1937 735 1998 premeretur.
773 1928 841 1981 Tum
850 1934 875 1981 et

89 2001 144 2069 ipse
156 2000 207 2052 sibi
227 2000 374 2054 Tmounos
395 2018 506 2063 russis,
521 2002 596 2071 quasi
610 2003 728 2073 proprios
742 2001 840 2056 iudioss
851 2007 876 2055 et

88 2073 242 2136 defensores,
254 2074 358 2139 creavit,
369 2091 416 2145 per
423 2091 491 2146 quos
500 2082 586 2130 oontro
597 2086 716 2132 senatum
725 2085 749 2131 et
756 2075 875 2131 eonsules

87 2155 159 2202 tutus
169 2165 224 2201 esse
234 2155 328 2219 posset.

143 2222 211 2277 Cur.
224 2223 294 2276 x1V.
312 2222 435 2294 Sequenti
449 2240 518 2278 anno
528 2222 562 2299 [s.
573 2244 598 2280 u.
610 2221 670 2310 261]
681 2222 765 2279 Volsci
775 2221 875 2277 bellum

89 2304 285 2367 reparaverunt,
306 2305 343 2362 et,
360 2298 420 2351 vieti
433 2299 499 2362 soie,
514 2300 591 2352 etism
608 2297 721 2354 Coriolos
734 2297 873 2362 civitatem,

89 2389 169 2442 quom
180 2371 309 2425 hebebant
317 2372 451 2442 optimam,
464 2372 639 2444 perdiderunt.

144 2446 213 2500 Cre.
234 2446 293 2500 XV.
313 2447 403 2518 (Xlll.)
423 2447 519 2502 Octavo
532 2447 631 2500 decimo
639 2462 708 2499 anno
717 2452 775 2516 post
783 2444 867 2500 eiecto

89 2538 162 2592 reges
177 2517 216 2595 [s.
232 2539 258 2575 n.
275 2519 343 2595 tou]
363 2521 489 2592 expulsus
507 2538 539 2575 ex
553 2521 618 2574 urbe
631 2519 662 2585 Q.
679 2520 804 2580 Marcius,
820 2520 851 2573 dr

89 2595 274 2658 Romanorum,
285 2596 331 2665 qui
341 2594 454 2650 Coriolos
464 2593 725 2665 ceperauvolseorum
735 2595 834 2648 civitate

89 2669 123 2723 sd
138 2670 206 2741 ipsos
216 2669 321 2725 Volsoos
335 2669 465 2725 contendit
476 2670 571 2738 iratus3
591 2676 616 2723 et
624 2668 721 2724 surrilis
731 2677 816 2724 oontrr
