1906 3330
358 566 475 610 LIBER
493 566 561 611 V'ssl.
826 564 859 616 65

60 661 191 735 praebuit.
230 662 397 733 Reipublicae
424 662 514 719 divina
542 664 691 735 provisione
716 665 857 732 consuluit,

59 736 205 792 Traianum
214 733 369 807 adoptando.
407 739 527 792 Mortuus
536 745 576 792 est
585 739 681 792 Romae
690 747 749 810 post
758 757 860 795 annum

60 819 86 865 ct
103 817 217 882 quatuor
235 827 338 865 menses
356 811 459 882 imperii
479 812 535 877 sui,
557 829 587 866 ac
605 812 661 866 dies
679 821 749 878 octo,
770 815 860 868 aetatis

61 883 253 1030 septuagesirpo
271 892 296 938 at
314 884 406 954 altero;
427 893 506 958 atque
526 887 591 940 inter
609 886 685 940 divos
699 887 796 942 relatus
810 897 858 942 est.

90 975 169 1013 .c.1{.
182 967 218 1010 98.

64 956 86 1033 t?
117 1031 185 1087 Car.
206 1032 239 1085 11.
261 1030 390 1086 Successit
408 1038 432 1086 ei
451 1033 562 1087 Uarrus
581 1032 726 1090 Crinitus
745 1034 861 1090 Taura-

62 1123 129 1170 κω,
151 1112 228 1160 natus
238 1103 340 1159 Italicae
349 1110 377 1160 in
388 1106 522 1177 Hispania,
535 1105 632 1161 familia
643 1109 751 1179 antiqua
762 1111 858 1182 magis,

62 1178 233 1251 quemclara.
271 1180 338 1233 Nam
349 1188 420 1250 pater
429 1180 487 1233 eius
500 1181 617 1250 primum
637 1180 703 1235 Cos.
725 1181 787 1236 fuit:
810 1185 862 1236 im-

63 1261 163 1325 perator
177 1260 264 1307 autem
278 1253 350 1324 apud
363 1253 536 1326 Agrippinam
551 1253 579 1309 in
596 1252 689 1308 Galliis
709 1254 792 1310 factus
811 1265 859 1311 est.

64 1325 262 1398 Rempublicam
271 1326 304 1381 ita
314 1327 516 1393 administravit,
525 1328 686 1382 utomnibus
695 1329 861 1400 principibus

64 1402 155 1456 merito
168 1398 337 1472 praeferatur.
370 1401 510 1456 inusitatae
523 1401 655 1457 civilitatis
665 1411 690 1456 et
699 1402 861 1458 fortitudinis

63 1474 122 1530 luit.
161 1475 272 1529 Romani
283 1475 400 1546 imperii,
412 1475 484 1547 quod
493 1485 551 1548 post
561 1477 712 1549 Augustum
722 1476 860 1532 defensum

64 1549 149 1622 magis
167 1548 263 1613 iuerat,
283 1566 365 1621 quam
380 1549 502 1604 nobilitor
516 1550 684 1622 ampliatum,
704 1552 770 1606 fines
784 1551 862 1626 longe

64 1623 167 1695 lateque
188 1621 307 1677 diffudit:
332 1623 411 1677 urbes
432 1631 504 1678 trans
525 1625 647 1678 Rhenum
670 1625 697 1679 in
721 1625 861 1681 Germania

63 1696 205 1770 reparavit:
227 1697 341 1762 Daciam,
353 1697 477 1752 Decebalo
487 1699 563 1760 victo,
572 1698 685 1770 subegit,
696 1697 791 1772 [aaa.
799 1697 860 1773 aaa]

63 1772 197 1843 provincia
210 1778 281 1825 trans
292 1771 443 1825 Danubium
452 1769 518 1825 facta
528 1772 556 1825 in
566 1771 609 1824 his
619 1773 699 1844 agris,
711 1789 779 1843 quos
789 1791 862 1826 nunc

63 1844 203 1916 Thaiphali
212 1844 318 1910 habent,
332 1845 438 1901 Victoali
450 1852 476 1900 et
486 1845 640 1918 Theruingi.
679 1846 717 1899 Ea
726 1847 860 1917 provincia

62 1919 148 1974 decies
158 1926 263 1974 centena
273 1919 357 1973 millia
367 1937 494 1991 passuum
505 1918 532 1974 in
543 1919 653 1974 circuitu
664 1921 756 1975 tenuit.

118 1992 187 2048 Car.
209 1995 253 2047 ΠΙ.
274 1992 440 2056 Armeniam,
460 2011 541 2065 quam
557 2002 746 2064 occupaverant
762 1995 859 2060 Parthi,

65 2068 172 2138 recepit,
196 2065 229 2141 [r.
245 2085 270 2122 c.
288 2087 313 2122 rr.
330 2065 390 2141 lla]
412 2069 601 2122 Parthamasire
619 2068 716 2133 occiso,
737 2070 785 2141 qui
804 2087 862 2124 eam

65 2141 177 2196 tenebat.
216 2139 326 2196 Albanis
345 2159 432 2214 regem
447 2140 528 2196 dedit.
566 2143 700 2196 iberorum
715 2161 817 2216 regem,
839 2154 863 2198 et

64 2215 291 2280 Sauromatarum,
321 2223 347 2269 et
375 2216 595 2287 bosporanorum,
625 2224 650 2269 et
675 2216 807 2281 Arabmn,
838 2226 863 2271 et

64 2288 273 2354 Osdroencrum,
292 2295 318 2343 et
335 2288 490 2345 Colchorum
509 2290 536 2345 in
556 2290 634 2345 iidem
652 2291 759 2360 accepit.
799 2290 864 2345 Cor-

63 2363 179 2428 duenos,
200 2363 317 2427 Mardos,
338 2364 427 2418 Medos
445 2365 593 2435 occuparit,
613 2371 638 2418 et
650 2365 861 2429 Anthemusiam,

64 2455 189 2511 magnam
197 2437 311 2491 Persidis
320 2437 462 2511 regionem,
469 2438 612 2492 Seleuciam
623 2445 648 2492 et
656 2438 860 2509 Ctesiphontem,

64 2511 224 2584 babylonem
239 2520 264 2566 et
279 2512 419 2566 Messenios
435 2512 498 2565 vicit
513 2529 542 2566 ac
555 2512 650 2567 tenuit:
672 2514 806 2584 usquead
821 2516 864 2568 ln-

64 2585 123 2641 diae
137 2585 204 2640 fines
218 2593 243 2640 et
257 2603 328 2640 mare
342 2586 455 2640 rubrum
468 2587 587 2650 accessit,
605 2595 684 2657 atque
693 2588 731 2641 ibi
741 2596 793 2641 tres
803 2604 864 2658 pro-

65 2660 166 2715 vincias
185 2659 258 2725 iecit,
279 2659 445 2724 Armeniam,
468 2660 617 2733 Assyriam,
639 2661 861 2731 Mesopotamiam,

64 2750 126 2789 cum
136 2734 179 2788 bis
188 2733 322 2808 gentibus,
333 2751 402 2805 quae
411 2734 549 2788 Madenam
559 2735 699 2806 attingunt.
738 2733 862 2787 Arabiam

64 2817 153 2880 postea
171 2808 199 2862 in
218 2808 368 2880 provinciae
385 2807 495 2862 sormam
511 2808 618 2882 redegit.
657 2809 686 2860 ln
702 2808 768 2859 mari
783 2807 863 2860 rubro

63 2882 175 2937 classem
187 2883 306 2946 instituit,
318 2889 348 2936 ut
356 2899 403 2953 per
411 2899 470 2936 eam
480 2880 569 2937 Indiae
582 2883 646 2935 fines
657 2887 777 2934 vastaret.

119 2956 188 3013 Car.
210 2957 254 3012 1v.
294 2955 410 3011 Gloriam
433 2964 518 3011 tamen
538 2954 677 3010 militarem
696 2953 820 3008 civilitate
839 2961 864 3007 et

64 3030 241 3087 moderatione
253 3031 400 3102 superarit,
415 3032 512 3085 Romae
520 3038 546 3085 et
553 3047 600 3102 per
609 3029 757 3101 provincias
768 3046 862 3100 aequa«

119 3139 241 3177 EUTROP.
638 3130 669 3173 ἲ.
