1906 3330
244 561 359 606 LIBER
381 560 426 607 tv.
698 556 726 608 3l

43 700 49 713 .
88 660 169 713 Mater
177 660 242 725 eius,
254 669 279 714 et
288 678 363 725 uxor,
375 668 399 714 et
409 660 461 714 duo
472 659 528 725 filii,
540 659 617 715 frater
626 677 732 732 quoquo

42 734 69 787 in
83 742 233 804 potestatem
248 737 423 790 Romanorum
438 742 574 789 venerunt.
613 737 649 789 lta
664 734 733 790 bello

42 810 105 862 {XX
122 810 178 863 dies
192 808 314 880 perlecto,
335 819 394 864 ante
407 811 541 882 cognitum
555 818 593 864 est
607 810 732 864 Gentium

44 926 50 948 ,
61 901 142 954 quam
152 892 271 954 coeptum
281 883 380 938 bellum
391 885 563 939 nuntiaretur.

43 978 64 1011 r.
86 959 140 1012 Vll.
161 959 224 1030 (IV.)
243 959 310 1013 Cum
323 960 508 1013 Perseoautem
518 958 646 1013 Aemilius
656 957 733 1014 Paul-

42 1051 62 1086 s.
76 1033 121 1086 lll.
133 1035 201 1086 Non.
212 1033 371 1104 Septembris
382 1033 524 1097 dimicavit,
537 1034 651 1105 vicitque
660 1051 731 1100 eum,

44 1106 428 1178 llibuspeditumeiusocoisis
455 1108 733 1183 Equitatuscumrege

43 1191 130 1255 aeger,
151 1182 638 1250 RomanorumCmilitesamissisunt3
655 1184 734 1237 urbes

43 1258 105 1311 »niae
120 1274 222 1321 omnes,
238 1274 306 1328 quas
315 1274 361 1311 rex
371 1264 499 1321 tenuerat,
515 1257 640 1311 Romanis
652 1258 734 1311 sede-

43 1339 74 1385 rt.
113 1333 170 1402 lpse
182 1349 241 1397 rex,
257 1348 319 1386 cum
329 1331 486 1387 desereretur
499 1331 532 1386 ab
542 1332 647 1396 amicis,
663 1332 735 1387 venit

43 1406 68 1459 lli
83 1415 241 1477 potestatem.
280 1406 330 1461 Sed
343 1407 468 1461 honorem
480 1407 504 1461 ei
518 1407 660 1471 Aemilius,
682 1423 734 1460 non

43 1482 114 1546 ricto,
136 1482 237 1536 habuit.
276 1483 344 1535 Nam
358 1489 383 1536 et
396 1481 525 1536 volentem
540 1481 573 1536 ad
590 1481 668 1552 pedes
682 1481 733 1535 sihi

43 1600 44 1615 ,
66 1574 118 1609 non
136 1556 266 1628 permisit,
285 1565 310 1610 et
332 1556 404 1611 iuxta
418 1574 447 1610 se
464 1557 492 1611 in
511 1555 574 1610 selle
589 1555 733 1610 collocavit.

43 1631 126 1684 nibus
140 1639 165 1685 et
180 1630 277 1704 lllyriis
290 1631 339 1685 hae
353 1630 422 1704 leges
438 1631 588 1686 eRomanis
598 1631 684 1684 datae:
705 1640 734 1684 at

43 1715 117 1768 secat,
129 1716 152 1759 et
161 1711 295 1760 dimidiam
305 1724 392 1760 eoram
402 1710 555 1759 tributorum
563 1713 733 1772 praestarent,

43 1784 133 1848 epicos
150 1785 357 1848 praestitissent;
385 1787 415 1834 ut
437 1787 582 1851 appareret,
607 1778 735 1849 populum

43 1871 87 1925 pro
107 1856 234 1927 aequitate
253 1855 350 1927 magis,
374 1871 455 1926 quam
474 1854 580 1908 avaritia
600 1853 734 1906 dimicare.

42 1929 68 1982 in
79 1938 206 1984 conventu
216 1929 379 1984 infinitorum
389 1928 546 2001 populorum
556 1928 663 1982 Paullus
673 1927 737 1981 haec

43 2004 133 2071 rtiavit5
152 2013 177 2058 et
186 2004 325 2077 legationes
334 2004 476 2058 multarum
485 2003 613 2075 gentium,
625 2019 693 2075 quae
703 2002 736 2056 ad

43 2087 145 2144 nerant,
153 2079 410 2152 magnificentissime
418 2079 539 2133 convivio
548 2079 628 2149 pavit,
636 2078 737 2132 dicensi

43 2157 172 2207 thomiris
184 2171 236 2207 esse
245 2158 346 2218 debere,
358 2163 382 2207 et
392 2157 455 2207 bello
464 2158 580 2217 vinem,
592 2162 615 2206 et
626 2157 737 2208 convivii

44 2237 74 2281 tc
86 2231 223 2296 elegantem
231 2246 291 2282 esse.

45 2322 67 2355 r.
84 2303 150 2357 Vlll.
171 2303 232 2357 Mox
241 2303 316 2356 LXX
325 2302 442 2356 civitates
451 2302 538 2372 Epiri,
550 2318 618 2372 quae
627 2299 736 2354 rebelle-

44 2377 97 2447 pit;
119 2377 240 2448 praedam
251 2377 380 2432 militibus
389 2377 534 2444 distribuit;
557 2377 665 2430 Romam
675 2393 736 2430 oum

62 2469 156 2522 pompa
176 2452 252 2505 rediit
271 2453 297 2506 iu
318 2468 385 2507 nava
399 2452 497 2516 Persei,
518 2468 585 2523 quae
601 2451 737 2505 inusitatae

46 2526 135 2580 udinis
146 2525 226 2581 luisse
235 2527 357 2591 traditur,
370 2527 434 2582 adeo
443 2535 473 2580 ut
482 2528 543 2583 XVI
553 2525 657 2581 ordines
666 2526 737 2580 diea-

44 2602 120 2655 ruisse
130 2619 271 2656 remorum.
300 2602 484 2674 Triumphauit
494 2611 579 2656 autem
591 2599 626 2675 [A.
637 2621 663 2657 o.
676 2597 736 2674 aaa]

44 2676 202 2731 icentissima
219 2678 338 2731 incurro
359 2695 449 2741 aureo,
470 2694 531 2730 cum
545 2676 649 2731 duobus
664 2674 735 2739 filiis,

44 2751 142 2806 elatere
151 2753 322 2806 adstantibus.
348 2753 421 2805 Ducti
432 2759 561 2806 suntante
569 2748 738 2805 currumduo

44 2826 83 2892 lii,
95 2834 119 2881 et
129 2827 184 2897 ipse
194 2829 310 2891 Perseus,
322 2827 394 2882 XLV
404 2844 485 2881 annos
496 2836 582 2881 natus.
607 2827 667 2878 Post
676 2841 737 2877 eum

44 2901 72 2956 C.
94 2902 202 2955 Anicius
221 2900 253 2955 de
272 2901 368 2974 Illyriis
385 2902 567 2972 triumphavit.
583 2898 618 2974 [a.
635 2918 660 2954 u.
677 2894 737 3026 mil

44 2992 126 3029 scum
136 2974 212 3030 fratre
220 2985 245 3030 et
256 2975 317 3030 siliis
328 2983 386 3031 ante
395 2993 503 3030 currum
513 2976 606 3030 ductus
616 2981 663 3027 est.
697 2971 719 3028 A

44 3050 185 3106 ecteculum
200 3050 343 3106 multarum
357 3051 477 3126 gentium
491 3068 564 3124 reges
574 3051 684 3104 Romam
693 3065 739 3104 ve-
