1906 3330
927 42 942 97 'l

95 161 127 212 88
401 165 592 210 EUTROPII

151 264 221 320 Car.
242 263 287 320 IV.
307 261 372 335 (111.)
395 265 444 317 Per
463 263 514 319 boo
531 271 636 335 tempus
655 282 670 318 a
689 262 794 319 Galerio
812 264 900 321 cht·
940 228 943 233 Ι

95 358 162 394 uras
181 338 322 410 imperator
338 344 376 392 est
391 336 488 404 laetus,
505 335 539 413 [r.
553 355 579 393 c.
595 357 620 392 r.
636 335 698 423 stt]
715 338 794 393 Dacia
807 339 898 395 oriun-

95 413 161 478 dus,
177 421 255 467 notus
269 413 293 467 ei
308 412 417 483 antiqua
430 411 633 477 consuetudine,
648 420 674 466 et
688 430 716 467 in
726 412 810 479 bello,
846 412 897 469 uod

95 487 223 542 adversus
232 488 362 540 Narseum
371 494 494 559 gesserat,
501 487 615 541 strenuis
627 485 762 541 laboribus
770 494 796 541 et
804 430 899 542 oilloiie

95 570 229 632 acceptae.
252 578 322 614 mors
343 560 441 614 Galerii
460 560 596 616 confestim
615 569 704 615 secuta
719 568 769 615 est.
808 562 900 634 ltaque

95 635 243 706 respublica
257 642 320 689 tuno
333 652 348 688 a
362 634 439 689 novis
453 643 566 706 quatuor
581 634 783 706 imperatoribus
794 635 899 691 teneba-

96 722 153 773 tur,
168 708 338 764 Constantino
353 717 378 763 et
389 710 534 773 Maxentio,
550 709 612 762 filiis
622 709 817 782 Augustorum,
830 708 899 765 tiet-

96 783 141 837 nio
160 790 185 837 et
203 784 362 847 Maximino,
386 784 463 837 novis
486 783 651 838 hominibus.
690 783 789 849 Quinto
811 791 899 839 umen

96 857 284 913 Constantinus
304 858 407 928 imperii
422 858 464 912 sui
480 875 549 913 anno
567 857 667 912 bellum
686 856 829 913 adversum
843 858 900 913 lla·

95 933 215 987 xentium
235 930 313 985 civile
330 933 485 998 commovit;
507 930 541 1006 [a.
560 950 585 987 c.
605 951 631 987 u.
653 929 714 1005 tlt]
734 931 823 1003 copias
839 931 899 986 eins

95 1007 187 1060 multis
196 1005 302 1078 proeliis
313 1004 394 1071 fudit,
412 1005 499 1075 ipsum
510 1014 641 1075 postremo
649 1007 746 1060 Romae
756 1005 899 1061 adversum

96 1080 197 1134 nobiles
211 1079 336 1132 omnibus
346 1079 433 1132 exitiis
444 1080 617 1146 saevientem,
632 1079 703 1152 apud
712 1088 820 1151 pontem
829 1076 900 1135 lllul·

95 1154 170 1207 vium
192 1153 268 1216 vicit,
290 1152 416 1224 Italiaque
434 1161 473 1207 est
491 1155 600 1225 potitus.
617 1152 650 1229 [r.
665 1172 690 1209 c.
705 1173 731 1209 11.
747 1151 810 1229 312]
839 1154 899 1209 Non

96 1227 180 1282 multo
198 1226 321 1297 deinceps
342 1226 369 1281 in
384 1226 489 1282 Oriente
502 1246 610 1300 quoque
624 1228 750 1283 adversus
765 1227 899 1283 Licinium

95 1301 258 1357 Maximinus
269 1319 309 1355 res
323 1319 404 1356 novas
415 1302 532 1368 molitus,
544 1304 664 1358 vicinum
672 1302 785 1358 exitium
794 1300 899 1357 fortuita

96 1376 167 1447 apud
177 1377 287 1431 Tarsum
299 1386 381 1430 morte
391 1381 534 1447 praevenit.

150 1451 219 1505 Can.
240 1451 272 1506 V.
293 1451 357 1523 (lv.)
376 1452 601 1507 Conseruarum
620 1458 722 1515 tamen,
738 1449 897 1523 viringens,

94 1534 120 1579 et
143 1526 231 1580 omnia
255 1523 357 1578 efficere
379 1527 480 1588 nitens,
506 1543 575 1597 quae
598 1525 687 1579 animo
710 1530 896 1595 praeparasset,

94 1599 175 1653 simul
187 1600 363 1670 principatum
375 1599 454 1653 totius
463 1599 535 1652 orbis
545 1599 676 1664 affectans,
686 1598 788 1653 Licinio
797 1597 898 1653 bellum

95 1672 199 1736 intulit,
215 1674 340 1743 quamvis
355 1672 519 1727 necessitudo
533 1681 558 1727 et
572 1673 686 1727 affinitas
700 1691 762 1727 cum
776 1680 896 1728 eoesset:

95 1764 156 1800 nani
168 1763 241 1801 soror
250 1747 400 1800 Constantia
411 1754 493 1815 nupta
502 1748 603 1801 Licinio
613 1754 679 1814 erat,
701 1764 732 1801 ao
740 1747 828 1818 primo
836 1762 898 1802 eum

95 1819 123 1874 in
140 1820 272 1874 Pannonia
292 1820 420 1885 secunda,
442 1821 541 1892 ingenti
561 1828 686 1892 apparatu
706 1820 807 1876 bellum
827 1819 898 1893 apud

95 1893 200 1948 Cibalas
212 1896 392 1958 instruentem,
405 1896 557 1965 repentinus
567 1896 704 1966 oppressit,
717 1893 750 1980 [a.
762 1913 787 1950 c.
798 1914 824 1950 u.
836 1891 897 1969 tlt]

93 1970 221 2038 omnique
233 1968 376 2032 Dardania,
389 1970 499 2032 Moesia,
514 1970 664 2024 Macedonia
677 1977 788 2040 potitus,
803 1986 899 2025 nume·

92 2057 167 2095 rosas
178 2042 325 2111 provincias
335 2043 482 2114 occupavit.

151 2117 218 2171 Car.
240 2116 284 2169 Vl.
306 2117 382 2171 Varia
402 2117 524 2187 deinceps
545 2117 612 2170 inter
632 2133 676 2171 eos
694 2115 777 2181 bolla,
801 2124 828 2170 et
846 2132 898 2187 pax

93 2188 258 2244 reconciliata
274 2198 402 2262 ruptaque
416 2198 464 2245 est.
501 2193 633 2245 Postremo
648 2191 765 2245 Licinius
776 2190 863 2245 navali
874 2198 900 2245 et

94 2264 208 2319 terrestri
222 2262 319 2333 proelio
331 2265 423 2329 victus,
435 2264 506 2337 apud
516 2264 697 2319 Nicomediam
706 2281 734 2318 se
744 2262 858 2329 dedidit,
874 2272 899 2319 et

93 2351 182 2392 contra
198 2338 349 2410 religionem
361 2340 515 2393 sacramenti
529 2338 714 2393 Tbessaloniae
724 2338 843 2408 privatus
856 2355 899 2393 oo·

93 2414 166 2466 cisns
177 2420 224 2465 est.
238 2410 270 2486 [n.
282 2430 306 2467 c.
318 2431 343 2466 u.
355 2410 416 2485 att]
431 2414 470 2467 Eo
479 2422 595 2484 tompore
605 2430 646 2466 res
656 2414 773 2467 Romana
783 2413 836 2466 sub
847 2429 899 2469 uno

94 2486 216 2559 Augusto
230 2494 254 2539 et
268 2486 353 2540 tribus
367 2487 536 2550 Caesaribus,
555 2485 640 2557 (quod
655 2504 794 2557 nunquam
809 2486 899 2559 alias)

94 2557 158 2624 fnit,
176 2579 237 2614 cum
254 2559 329 2614 liberi
345 2561 508 2616 Constantini
520 2560 633 2625 Galliae,
647 2559 746 2615 Orienti
757 2560 900 2632 Italiaeque

94 2642 252 2704 praeessent.
275 2633 307 2709 [r.
321 2653 345 2690 c.
356 2655 382 2690 u.
395 2631 457 2707 tte]
476 2635 574 2691 Verum
594 2634 732 2690 insolentia
752 2652 842 2691 rerunt
857 2652 899 2691 se·
