1906 3330
367 517 482 602 MIBER
503 556 548 602 111.
817 551 845 603 Sl

118 655 185 712 Car.
205 656 249 712 Vl.
271 654 376 727 Aliquot
387 655 480 710 deinde
497 655 573 710 annis
587 661 646 727 post
661 661 748 710 contra
763 654 851 711 Gallos

63 731 130 786 intra
144 730 243 785 ltaliam
258 738 404 803 pugnatum
418 741 469 795 est,
487 731 643 802 finitumque
657 739 695 784 est
704 729 803 784 bellum
814 732 851 785 M.

62 803 172 861 Claudio
181 804 308 869 Marcello,
315 804 612 876 Cn.CornelioScipione
621 804 703 859 Coss.
716 802 751 879 [Α.
759 823 783 859 u.
792 802 852 878 stt]

61 880 138 934 Tunc
146 878 282 934 Marcellus
291 895 352 933 cum
362 896 441 950 parva
451 897 532 934 manu
541 880 660 951 equitum
670 878 817 944 dimicavit,
828 888 854 932 et

62 971 152 1026 rgem
175 953 322 1017 Gallorum,
349 953 531 1009 virdomarum
557 954 674 1017 nomine,
699 971 780 1007 manu
805 971 852 1008 sua

62 1027 166 1083 occidit.
206 1030 292 1082 Postea
305 1044 366 1081 cum
380 1027 476 1100 collega
491 1028 607 1100 ingentes
620 1027 707 1099 copias
717 1027 854 1083 Gallorum

62 1102 185 1176 peremit,
204 1101 379 1156 Mediolanum
397 1101 570 1175 expugnavit,
590 1101 716 1174 grandem
730 1103 854 1172 praedam

64 1178 173 1232 Romam
184 1176 301 1246 pertulit;
320 1192 351 1229 ao
361 1176 525 1247 triumphans
535 1175 670 1230 Marcellus
680 1176 763 1247 spolia
773 1177 852 1242 Galli,

63 1251 145 1323 stipiti
156 1250 284 1321 imposita,
294 1250 412 1304 humeris
421 1251 477 1305 suis
487 1250 567 1305 vexit.

118 1326 186 1382 Car.
211 1325 266 1380 Vll.
295 1325 331 1379 M.
350 1325 466 1380 Minucio
485 1324 563 1388 Hulo,
585 1325 614 1379 P.
634 1323 753 1380 Cornelio
771 1323 854 1380 Coss.

64 1397 100 1475 [a.
114 1419 142 1456 u.
160 1396 219 1473 531]
237 1399 309 1453 lstris
327 1398 427 1454 bellum
442 1399 544 1454 illatum
558 1407 616 1463 est,
632 1400 695 1472 quia
710 1398 853 1456 latrocinati

63 1474 178 1529 navibus
192 1474 367 1528 Romanorum
386 1473 500 1539 fuerant,
539 1491 588 1528 uas
603 1472 732 1529 frumenta
746 1474 855 1529 exhiba-

63 1549 135 1614 bant,
148 1492 663 1623 perdomitiquesuntomnesllamatt]
683 1549 747 1621 (Ill.)
756 1549 854 1605 Eodem

64 1641 133 1678 anno
145 1621 244 1677 bellum
259 1623 387 1677 Punicum
400 1622 545 1678 secundum
560 1622 685 1677 Romanis
700 1622 802 1677 illatum
817 1631 855 1676 est

63 1715 109 1770 per
118 1696 304 1762 Hannibalem,
317 1696 572 1772 Carthaginiensium
580 1695 683 1760 ducem,
695 1698 742 1768 qui
752 1697 856 1770 Sagun-

64 1781 121 1827 tum
134 1771 272 1842 Hispaniae
284 1772 428 1836 civitatem,
439 1770 563 1826 Romanis
572 1770 693 1834 amicam,
704 1788 856 1843 oppugnare

63 1855 268 1921 aggressusest,
282 1849 383 1901 annum
397 1863 477 1920 agens
491 1845 645 1902 vicesimum
655 1846 757 1908 aetatis,
774 1846 856 1916 copiis

63 1921 225 1995 oongrgatis
247 1920 288 1977 CL
311 1920 436 1976 millium.
475 1920 542 1975 Huic
560 1920 670 1975 Romani
691 1937 737 1991 por
760 1919 855 1993 legatos

62 1995 301 2061 denunciaverunt,
317 2002 347 2049 ut
355 1994 424 2050 bello
434 1995 582 2050 abstineret.
620 1993 857 2068 lelegatosadmit-

64 2080 116 2126 tere
129 2070 223 2125 noluit.
262 2071 371 2125 Romani
384 2071 463 2125 etiam
472 2069 657 2143 Carthaginem
669 2070 810 2134 miserunt,
827 2080 857 2124 ut

63 2146 232 2200 mandaretur
245 2144 397 2210 Hannibali,
413 2162 446 2199 ne
460 2142 560 2199 bellum
575 2152 663 2199 contra
673 2145 755 2199 socios
766 2143 855 2215 populi

64 2221 175 2275 Romani
195 2227 302 2293 gereret.
340 2221 409 2274 Dura
428 2237 551 2291 responsa
566 2237 580 2274 a
597 2218 857 2292 Carthaginiensibus

64 2295 173 2350 reddita.
212 2293 349 2367 Saguntini
366 2295 462 2349 interea
480 2293 549 2348 lame
563 2293 624 2348 victi
640 2301 715 2362 sunt;
736 2294 857 2366 captique

62 2367 252 2425 ahilannibale
262 2367 361 2422 ultimis
370 2369 461 2440 poenis
471 2367 630 2423 alliciuntur.

119 2444 188 2499 Car.
208 2443 276 2498 vm.
295 2443 363 2496 Tum
379 2445 408 2498 P.
422 2442 558 2499 Cornelius
572 2442 658 2514 Scipio
670 2459 732 2496 cum
743 2442 857 2497 exercitu

63 2518 91 2574 in
111 2517 264 2588 Hispaniam
283 2516 412 2589 profectus
430 2526 482 2582 est,
502 2517 623 2572 Tiberius
641 2517 811 2588 Sempronius
829 2517 857 2571 in

63 2593 194 2659 Siciliam3
216 2591 314 2646 bellum
325 2592 584 2665 Carthaginiensibus
594 2592 721 2647 indictum
731 2600 778 2646 est.
794 2590 857 2664 (tv.)

64 2666 208 2731 Hannibal,
224 2665 311 2722 relicto
324 2667 352 2721 in
366 2667 491 2739 Hispania
504 2666 580 2721 fratre
594 2666 766 2730 Hasdrubale,
779 2668 858 2738 Pyre-

64 2760 160 2798 naeum
171 2741 284 2808 transiit;
305 2741 392 2812 Alpes,
403 2742 489 2796 adhuc
497 2759 526 2796 ea
537 2750 607 2813 parte
616 2741 710 2805 inviae,
726 2741 777 2793 sibi
787 2748 858 2810 pate·

63 2817 132 2873 iecit.
172 2816 306 2881 Traditur,
324 2816 358 2871 ad
371 2816 471 2871 ltaliam
482 2817 583 2871 LXXX
593 2815 675 2870 millia
687 2815 817 2886 peditum,
833 2820 858 2868 et

65 2893 120 2946 XX
133 2890 216 2945 millia
231 2891 363 2962 equitum,
380 2899 478 2963 septem
492 2898 517 2945 et
526 2892 606 2945 XXX
615 2889 764 2960 elephantos
774 2888 858 2943 addu-

64 2967 146 3022 xisse.
185 2967 281 3021 Interea
292 2965 368 3019 multi
379 2965 488 3039 Ligures
498 2973 523 3020 at
532 2965 601 3021 Galli
610 2964 749 3018 Hannibali
760 2981 788 3018 se
796 2981 858 3018 oon-

66 3043 219 3097 iunxerunt.
257 3038 427 3113 Sempronius
442 3040 591 3107 Gracchus,
603 3037 868 3113 cognitoadttat'mm
