1906 3330
339 512 456 557 LIBER
473 512 531 559 VH.
799 509 832 561 57

41 615 125 667 'orsae
138 608 163 663 ei
177 607 317 663 dederunt:
339 609 509 665 reddiderunt
521 610 600 665 etiam
614 611 690 684 sigua
704 613 830 678 Romana,

41 702 100 758 [uae
110 684 206 738 Crasso
215 683 283 737 victo
293 683 451 739 ademerant.
500 733 503 738 .

85 759 157 814 Car.
173 758 209 811 X.
224 757 336 830 Scythae
345 764 370 811 et
378 758 447 823 Indi,
459 759 559 830 quihus
570 768 643 814 antea
654 761 833 815 Romanorum

41 850 129 888 tomen
146 831 312 904 incognitum
330 830 425 896 iuerat,
445 851 555 888 munera
573 842 598 887 et
612 834 709 906 legatos
723 834 757 888 ad
771 852 832 889 eum

41 907 173 962 niseruut.
212 904 314 961 Galatia
329 923 436 978 quoque
445 907 496 960 sub
505 907 555 961 hue
563 908 697 978 provincia
708 906 772 962 facta
783 920 831 974 est,

41 999 93 1037 mm
108 987 183 1034 autea
198 997 309 1053 regnum
324 979 429 1048 fuisset;
450 981 606 1052 primusque
616 999 675 1036 earn
684 983 721 1037 M.
732 982 834 1038 Lollius

41 1073 79 1110 »ro
93 1063 210 1124 praetore
223 1054 427 1109 administravit.
466 1056 548 1108 Tanto
558 1063 644 1108 antem
657 1073 745 1109 amore
754 1058 833 1111 etiam

41 1129 103 1201 ipud
114 1128 238 1182 barbaros
248 1127 310 1193 fuit,
322 1136 352 1181 ut
362 1146 448 1200 reges,
466 1126 557 1198 populi
571 1129 682 1182 Romani
696 1130 788 1195 amici,
805 1132 833 1186 in

41 1220 159 1259 ronorem
168 1202 226 1257 eius
234 1202 375 1257 conderent
382 1202 509 1266 civitates,
522 1219 589 1272 quas
599 1202 736 1257 Caesareas
747 1205 834 1258 numi-

41 1285 138 1344 rareut3
160 1277 228 1330 sicut
238 1276 425 1332 inMauritania
437 1293 451 1330 a
461 1275 832 1348 regeluba,etiuPalaestina,

41 1369 101 1424 {uae
112 1367 183 1406 nunc
196 1352 260 1405 urbs
274 1358 313 1404 est
326 1350 482 1404 clarissima.
521 1350 597 1405 Multi
611 1359 698 1405 autem
712 1369 786 1424 reges
800 1369 834 1407 ex

41 1424 124 1500 egnis
142 1424 199 1479 suis
218 1432 358 1483 venerunt.
379 1432 409 1478 ut
424 1424 446 1478 ei
461 1425 681 1496 obsequerentur:
702 1434 727 1479 et
741 1426 834 1481 habitu

41 1503 159 1564 Romano,
171 1500 250 1571 togati
260 1499 366 1557 scilicet,
379 1498 413 1552 ad
423 1499 574 1553 vehiculum
585 1499 626 1553 vel
636 1517 737 1571 equum
749 1500 834 1571 ipsius

41 1581 215 1630 aucurreruut.
253 1573 367 1628 Moriens
381 1574 464 1628 Divus
474 1572 620 1644 appellatus
629 1582 677 1628 est.
717 1576 835 1646 Rempu·

41 1649 130 1705 >licam
140 1648 318 1703 beatissimam
328 1647 431 1703 Tiberio
443 1647 586 1702 successori
599 1646 719 1723 reliquit:
735 1646 833 1722 [aar.

45 1721 81 1796 4.]
96 1724 144 1794 qui
160 1722 301 1796 privignus
314 1721 353 1786 ei,
369 1739 432 1777 mox
445 1738 540 1794 gener,
556 1730 687 1792 postremo
695 1722 835 1793 adoptione

41 1797 107 1851 ilius
118 1795 211 1851 fixerat.

87 1871 157 1926 Car.
177 1871 226 1926 XI.
246 1869 310 1944 (Vl.)
328 1872 473 1925 Trrrnrus
492 1870 592 1942 ingenti
612 1869 731 1925 socordia
750 1869 836 1940 impe-

41 1946 103 2000 ium
118 1945 213 2018 gessit,
233 1945 309 2018 gravi
322 1944 486 2009 crudelitate,
504 1945 610 2000 scelesta
624 1944 747 2008 avaritia,
762 1945 835 2015 turpi

42 2019 155 2075 ibidine.
194 2021 262 2074 Nam
277 2037 411 2090 nusquam
425 2020 482 2089 ipse
495 2020 638 2093 pugnavit:
659 2019 727 2073 belia
741 2035 788 2088 per
798 2018 835 2072 le-

41 2101 107 2167 gatos
122 2110 185 2148 suos
198 2093 291 2166 gessit:
313 2093 443 2165 quosdam
453 2110 539 2166 reges,
556 2093 753 2164 perblanditias
763 2092 797 2146 ad
807 2108 836 2146 se

41 2175 162 2231 avocatos,
174 2184 312 2238 nunquam
325 2168 435 2231 remisit,
448 2167 475 2220 iu
489 2168 588 2237 quibus
598 2167 755 2221 Archelaum
767 2166 835 2236 Cap-

41 2241 172 2312 sadoeem,
194 2241 271 2296 cuius
290 2243 369 2295 etiam
386 2257 497 2312 Quum
517 2241 544 2295 in
559 2241 709 2311 provinciae
722 2238 835 2293 sormam

41 2315 147 2388 edegit,
168 2322 194 2368 et
212 2315 358 2371 maximam
376 2315 506 2369 civitatem
526 2314 649 2385 appellari
666 2313 772 2367 nomine
786 2331 836 2368 suo

41 2391 126 2446 ussit.
143 2406 212 2459 quae
227 2405 299 2444 nunc
313 2389 437 2444 Caesarea
450 2387 559 2452 dieitur,
574 2406 635 2442 cum
646 2389 750 2442 Mazaca
760 2397 835 2441 antea

41 2471 179 2519 sonaretur.
218 2462 266 2516 Hie
275 2463 350 2516 tertio
359 2470 384 2516 et
394 2461 522 2533 vigesimo
532 2462 635 2532 imperii
646 2480 729 2526 auno,
745 2463 835 2516 aetatis

41 2544 124 2608 septua
143 2537 227 2591 esimo
240 2544 343 2600 octavo,
360 2536 460 2608 ingenti
473 2537 594 2590 omnium
606 2536 705 2608 gaudio
715 2544 836 2590 mortuus

41 2612 111 2666 estin
122 2555 276 2681 {ampania
289 2607 322 2682 [r.
334 2628 359 2665 c.
370 2629 396 2664 u.
407 2606 456 2682 37.]

89 2685 159 2740 Car.
184 2685 244 2739 XII.
274 2683 358 2755 (vll.)
385 2682 515 2738 Successit
535 2685 560 2738 ei
583 2683 675 2740 Carus
703 2683 833 2744 Cassan,

41 2767 206 2832 agnomento
229 2758 397 2821 Carreum,
421 2757 513 2821 Drusi,
529 2757 646 2829 privigni
662 2757 790 2827 Augusti,
811 2763 836 2809 et

41 2833 120 2904 ipsius
130 2832 228 2887 Tiberii
239 2849 333 2903 nepos,
354 2830 616 2893 sceleratissimum
625 2830 833 2892 funestissimus,

41 2914 60 2961 et
69 2907 117 2978 qui
127 2907 205 2960 etiam
215 2906 314 2960 Tiberii
322 2905 446 2959 dedeeora
456 2906 618 2978 purgaverit.
636 2903 739 2959 Bellum
748 2911 835 2957 eontra

41 2980 181 3037 Germanos
191 2980 318 3053 suscepit;
337 2986 362 3034 et
372 2978 721 3051 ingressusSueviam,nihil
732 2986 842 3031 strenue
