1906 3330
372 549 488 594 LIBER
510 549 542 594 V.
821 545 854 598 37

54 646 179 714 Triballi3
200 653 225 700 et
237 663 252 700 a
265 646 376 702 Servilio
390 646 520 720 Caepione
535 645 570 722 [n.
581 666 607 702 u.
619 643 680 720 tta]
691 649 718 701 in
729 647 856 720 Hispania

55 721 174 777 Lusitani
190 720 251 774 viati
265 728 341 788 sunt;
362 728 387 776 nt
399 720 452 776 duo
462 722 590 792 triumphi
603 721 636 776 de
645 722 786 794 iugurtha,
800 725 857 794 pri-

56 813 116 849 mus
135 812 183 866 per
200 793 347 860 Metellum,
364 795 496 850 secundus
515 814 561 867 per
580 795 694 851 Marium
712 796 762 850 acti
781 807 854 851 sunt.

54 870 122 925 Anto
141 885 250 923 ourrum
264 877 351 925 tamen
364 870 441 924 Marii
456 871 582 942 iugurtha
595 886 658 924 oum
671 869 776 925 duobus
793 871 855 925 filiis

55 943 152 998 ductus
164 950 204 996 est
217 950 363 1009 catenatus,
380 951 405 997 et
419 961 482 999 mox
496 945 571 999 iussu
585 943 703 999 consulis
718 944 856 999 incarcere

55 1015 245 1090 strangulatus.

344 1191 566 1214 -fflNm--w-

190 1401 387 1457 LIBER
434 1401 725 1465 QUINTUS·

101 1607 171 1650 ΔΜ.
183 1606 248 1650 Cn.
259 1611 279 1650 1.
290 1611 312 1650 2.
326 1606 416 1649 Bellum
428 1605 571 1657 Cimbrirum‚
583 1610 651 1652 sociis
662 1609 821 1651 Gerurannrum
834 1615 857 1652 et

57 1677 175 1723 uallatam
186 1679 297 1732 gentibus,
307 1685 360 1734 post
371 1691 472 1730 magnum
483 1677 568 1721 clarlem
581 1693 740 1736 compressum.
769 1685 789 1724 3.
803 1680 856 1722 Bel-

58 1749 104 1795 lunr
114 1749 199 1794 sociale
208 1750 306 1793 inltulia
315 1765 400 1793 summo
410 1764 484 1793 rernm
493 1751 620 1793 discrimina
629 1757 723 1804 gastum-
739 1757 759 1795 4.
767 1751 856 1794 Bellum

57 1823 126 1867 civile
140 1823 249 1877 prinum,
264 1836 303 1865 seu
312 1823 447 1865 Marianum.
476 1827 526 1864 5-
536 1826 556 1866 9.
572 1821 659 1864 Bellum
669 1823 856 1872 Mithridaticum,

57 1896 96 1940 aui
103 1896 259 1950 interponitur
269 1894 400 1944 Thracium,
411 1899 434 1937 et
443 1895 541 1937 Mariani
552 1895 692 1937 continuatio
703 1899 726 1937 et
736 1896 795 1937 sinis.

112 2051 183 2108 Car.
193 2053 215 2106 1.
230 2042 309 2107 Dum
319 2050 420 2106 bellum
430 2051 457 2105 in
469 2050 593 2106 Numidia
603 2058 690 2107 oontra
702 2052 857 2124 Iugurtham

56 2126 170 2257 geritur,
193 2127 303 2182 Romani
321 2125 442 2181 eonsules
458 2126 495 2180 M.
516 2124 630 2180 Manlius
648 2135 673 2181 et
685 2125 718 2191 Q.
733 2125 828 2197 Caepio
842 2144 857 2179 a

80 2201 173 2256 'mbris
187 2210 212 2254 et
225 2201 401 2264 Teutonibus‚
424 2208 450 2254 et
462 2199 611 2271 Tigurinis,
628 2208 653 2253 et
666 2199 855 2264 Ambronibus,

57 2283 210 2348 quaearant
219 2276 410 2330 Germanorum
420 2282 446 2328 et
455 2273 592 2329 Gallorum
601 2281 705 2346 gentes,
722 2276 784 2327 victi
795 2284 858 2327 sunt

57 2349 132 2404 iuxta
141 2348 240 2404 llumen
252 2349 422 2415 Rhodanum
438 2357 464 2402 et
473 2348 573 2420 ingenti
584 2347 758 2403 internecione
767 2348 855 2411 attriti,

56 2423 136 2479 etiami
150 2432 232 2478 castra
247 2430 335 2478 suaet
349 2439 473 2495 magnam
486 2429 586 2492 partem
598 2422 728 2475 exercitus
737 2421 857 2492 perdide-

56 2506 129 2553 runt.
169 2498 259 2551 Timor
272 2499 368 2552 Romae
378 2496 486 2569 grandis
496 2495 559 2560 iuit,
574 2504 691 2567 quantus
703 2496 748 2549 vix
758 2496 858 2550 Hanni-

11 2566 18 2585 ”
56 2570 126 2627 baiis
147 2579 261 2642 tempore
282 2571 375 2625 Punici
394 2569 471 2634 belli,
492 2586 526 2625 ne
545 2574 639 2624 iterum
659 2569 728 2624 Galli
748 2571 857 2624 Romam

60 2646 187 2701 venirent.
226 2646 297 2718 Ergo
315 2645 414 2700 Marius
432 2651 492 2716 post
514 2645 650 2698 victoriam
673 2644 858 2715 Iugurthinam

56 2719 174 2774 seeundo
193 2718 261 2774 Cos.
277 2727 315 2773 est
329 2718 425 2782 factus,
441 2717 596 2788 bellumque
605 2719 629 2771 ei
639 2726 728 2771 contra
737 2716 857 2771 Cimbros

56 2801 82 2848 et
95 2795 227 2848 Teutonas
240 2792 372 2847 decretum
384 2800 432 2846 est.
471 2791 557 2847 Tertio
571 2809 678 2862 quoque
693 2791 716 2843 ei
730 2798 755 2842 ot
765 2797 857 2860 quarto

56 2866 159 2922 delatus
168 2874 207 2921 est
216 2867 381 2921 oonsulatus:
402 2865 575 2937 quiabeilum
585 2865 747 2920 Cimbricum
758 2870 858 2932 protra-

56 2941 180 2997 hebatur.
219 2940 271 2995 Sod
284 2941 312 2995 in
327 2947 420 3012 quarto
433 2939 571 2995 consulatu
585 2938 710 3009 collegam
722 2937 814 2990 habuit
823 2935 856 3000 Q.

57 3016 193 3071 Lutatium
204 3013 338 3070 Catulum.
378 3013 446 3070 Cum
456 3012 572 3069 Cimbris
585 3014 673 3084 itaque
687 3009 816 3075 conflixit,
833 3016 859 3063 ot
