1906 3330
370 554 487 601 LIBER
508 556 542 600 Π.
819 557 845 606 ll

59 650 180 718 los,duoe
189 654 220 708 L.
230 653 319 719 Furio,
330 654 439 726 quidam
448 672 481 709 ex
487 655 569 710 Gallis
578 673 662 710 unum
673 673 705 710 ex
715 657 849 723 Romanis,

59 726 107 801 qui
125 735 191 782 esset
208 729 336 799 optimus,
357 730 515 800 provocavit.
554 731 621 785 Tum
639 748 667 785 se
679 732 716 786 M.
733 731 851 787 Valerius

58 801 181 858 tribunus
196 803 310 857 militum
321 803 427 870 obtulit,
444 813 538 859 etcum
548 806 713 876 processisset
723 815 848 872 armatus,

58 894 153 933 corvus
170 877 194 930 ei
205 895 285 950 supra
298 878 419 933 dextrum
433 879 570 934 brachium
587 880 662 934 sedit.
701 882 762 936 Mox
780 898 852 936 eona-

58 952 141 1008 missa
162 951 287 1007 adversus
305 952 411 1007 Gallum
428 972 532 1026 pugna,
557 953 626 1008 idem
645 971 739 1010 oorvus
758 956 807 1010 alis
826 967 851 1010 et

58 1025 195 1100 unguibus
215 1026 284 1081 Galli
302 1027 391 1084 oculos
409 1028 568 1092 verberavit,
594 1045 627 1083 ne
644 1038 743 1083 rectum
765 1040 851 1102 posset

58 1101 200 1174 adspicere.
235 1104 270 1156 lta
283 1103 413 1157 atribuno
421 1102 523 1158 Valerio
533 1102 689 1168 interiectus,
702 1122 755 1158 non
764 1105 851 1159 solum

58 1176 193 1233 victoriam
202 1176 236 1240 ei,
247 1176 293 1231 sed
305 1177 383 1231 etiam
394 1194 489 1231 nomeu
499 1177 579 1231 dedit.
607 1179 673 1231 Nam
684 1173 770 1249 postea
781 1179 851 1233 idem

59 1250 159 1308 Corvus
173 1257 217 1305 est
225 1250 319 1306 dictus.
358 1253 396 1305 Ac
408 1259 512 1323 propter
525 1253 574 1306 hoo
585 1252 709 1307 meritum
722 1271 851 1308 annornm

59 1326 138 1381 trium
147 1333 173 1380 et
181 1325 276 1398 viginti
291 1326 358 1382 Cos.
372 1325 511 1381 estfactus.

110 1401 181 1456 Car.
204 1401 258 1455 Vll.
278 1401 378 1465 Latini,
394 1403 440 1474 qui
454 1399 590 1456 noluerant
604 1400 700 1456 milites
712 1401 788 1467 dare,
802 1402 852 1456 hoo

60 1490 164 1549 quoque
177 1492 192 1529 a
204 1474 328 1529 Romanis
342 1476 445 1549 exigere
457 1487 608 1547 coeperunt,
626 1485 655 1530 ut
668 1494 739 1530 unus
759 1477 851 1531 consul

58 1566 90 1605 cx
99 1566 204 1614 eorum,
216 1548 279 1604 alter
288 1567 320 1604 ex
329 1551 505 1604 Romanorum
516 1550 612 1622 populo
621 1560 759 1605 crearetur.
776 1550 811 1625 [n.
823 1572 850 1608 u.

57 1621 118 1698 tta]
129 1623 207 1690 Quod
216 1641 276 1678 cum
287 1633 354 1679 esset
363 1633 495 1698 negatum,
503 1625 602 1679 bellum
611 1634 752 1680 contraeas
763 1644 852 1680 susce-

57 1706 132 1771 ptum
151 1706 204 1761 est,
225 1706 250 1752 et
268 1699 367 1772 ingenti
385 1717 474 1771 pugna
493 1699 607 1770 superati
621 1706 697 1765 sunt3
719 1716 749 1752 ao
762 1699 794 1752 de
808 1701 851 1753 his

57 1773 209 1846 perdomitis
218 1773 408 1845 triumphatum
418 1781 466 1827 est.
479 1772 514 1847 [a.
525 1793 551 1828 a.
563 1771 624 1846 ltu]
645 1773 748 1827 Statirae
756 1791 852 1828 consu·

57 1847 127 1904 libus
141 1849 175 1903 ob
185 1848 308 1902 meritum
318 1847 439 1904 victoriae
449 1848 476 1902 in
487 1848 586 1903 Rostris
595 1848 694 1919 positae
703 1856 774 1902 sunt.
812 1849 851 1903 Eo

57 1940 125 1979 anno
144 1924 223 1977 etiam
241 1922 400 1978 Alexandria
417 1923 450 1978 ab
468 1922 616 1978 Alexandro
634 1922 773 1977 Macedone
789 1940 851 1978 con-

57 1998 107 2053 dita
120 2004 171 2052 est.

109 2072 180 2128 Car.
201 2072 268 2128 Vlll.
289 2073 344 2127 lem
363 2072 474 2128 Romani
492 2079 606 2144 potentes
625 2089 682 2126 esse
700 2081 850 2144 coeperunt.

57 2147 159 2203 Bellum
179 2147 249 2200 enim
268 2148 295 2201 in
314 2148 453 2202 centesimo
472 2155 497 2201 et
515 2149 646 2202 tricesimo
663 2147 715 2200 iere
728 2147 852 2203 milliario

57 2221 264 2295 apudSamnitas
273 2222 418 2296 gerebatur,
426 2222 473 2297 qui
482 2223 562 2276 medii
571 2230 634 2276 sant
644 2222 849 2287 interPicenum,

57 2296 227 2368 Campaniam
252 2304 276 2350 et
298 2296 432 2368 Apuliam.
471 2298 502 2352 L.
526 2297 646 2368 Papirius
668 2296 765 2351 Cursor
788 2313 850 2351 cum

57 2372 154 2427 honore
167 2370 299 2425 dictatoris
308 2372 341 2425 ad
351 2372 379 2425 id
388 2370 488 2427 bellum
498 2371 626 2442 prolectas
639 2378 687 2424 est.
704 2369 739 2446 [A.
750 2390 776 2426 u.
788 2369 850 2446 lea]

57 2445 108 2514 Qui
122 2463 184 2500 cum
195 2447 303 2501 Romam
313 2447 434 2511 redisset,
450 2445 482 2513 Q.
493 2448 512 2500 F
515 2447 574 2501 abio
582 2446 710 2513 Maximo,
726 2446 851 2518 magistro

57 2521 190 2595 equitum,
206 2538 285 2593 quem
300 2522 370 2593 apud
380 2521 520 2575 exercitum
531 2521 648 2592 reliquit,
665 2522 806 2592 praecepit,
818 2538 851 2575 ne

57 2613 83 2651 se
92 2596 199 2650 absente
207 2603 345 2670 pugnaret.
373 2595 428 2660 llle,
441 2596 573 2649 occasione
582 2604 689 2666 reperta,
701 2595 851 2650 felicissime

57 2668 204 2734 dimicavit,
220 2678 246 2723 et
255 2670 384 2725 Samnitas
394 2670 498 2724 delevit.
537 2669 578 2725 Ob
589 2688 669 2742 quam
680 2688 735 2724 rem
746 2689 760 2724 a
771 2670 851 2724 dicta-

57 2752 109 2801 tore
122 2744 214 2816 capitis
228 2744 379 2809 damnatus,
396 2745 468 2816 quod
482 2762 509 2798 se
525 2754 625 2799 vetante
638 2752 794 2818 pugnasset,
810 2744 851 2796 in-

57 2819 127 2895 genti
142 2818 229 2873 lavore
244 2819 358 2874 militum
371 2827 395 2873 et
408 2818 498 2892 populi
513 2818 637 2874 liberatus
649 2828 700 2885 est,
722 2826 790 2872 tanta
802 2819 850 2870 Pa-

57 2894 123 2966 pirio
133 2893 258 2947 seditione
267 2903 403 2959 commota,
415 2903 444 2948 ut
454 2911 535 2965 paene
545 2894 601 2965 ipse
612 2894 806 2948 interficeretur.

110 2968 180 3024 Car.
200 2969 248 3022 lx.
270 2969 357 3023 Postea
369 2967 404 3043 [Α.
416 2989 441 3024 a.
455 2964 515 3042 tta]
526 2969 654 3022 Samnites
666 2969 803 3030 llomauoS,
816 2967 847 3020 Τ.

57 3043 162 3101 Veturio
172 3051 197 3098 et
206 3042 249 3115 Sp.
259 3044 391 3100 Postumio
406 3043 489 3099 Coss.
500 3043 571 3115 apud
580 3041 706 3098 Furculas
716 3040 853 3097 Caudinas
