1906 3330
370 577 487 623 LIBER
509 576 554 623 VI.
828 571 857 623 bl

59 674 174 741 (ficitur,
199 681 264 730 tanti
288 674 339 732 viri
362 674 470 730 intuens
494 681 588 746 caput,
614 680 638 728 et
662 674 752 748 generi
776 692 863 746 quon·

60 750 122 804 dam
135 750 188 804 sui.

115 822 186 879 Car.
197 823 284 877 XXII.
296 821 398 896 (xvir.)
408 823 470 878 Mox
480 823 574 878 Caesar
582 820 769 876 Alexandriam
782 824 861 878 venit.

61 896 115 968 ipsi
133 914 240 969 quoque
258 895 420 951 Ptolemaeus
439 914 530 968 parare
548 895 633 950 voluit
651 896 778 964 insidias;
809 915 863 968 qua

60 988 139 1025 causa
158 971 213 1044 regi
232 970 333 1025 bellum
347 969 450 1024 illatum
464 979 513 1025 est.
552 964 643 1025 Victus
658 972 685 1024 in
702 971 761 1024 Nilo
775 973 860 1040 periit,

61 1046 253 1116 inventumque
262 1053 301 1098 est
309 1061 404 1115 corpus
415 1047 472 1098 eius
481 1062 542 1098 cum
553 1043 631 1097 lorica
642 1063 729 1098 aurea.
769 1045 863 1100 Caesar

61 1117 220 1173 Alexandria
231 1120 337 1189 potitus,
349 1135 463 1190 regnum
475 1117 623 1188 Cleopatrae
632 1117 711 1183 dedit,
724 1119 862 1174 Ptolemaei

61 1192 157 1257 sorori,
172 1209 233 1246 curn
248 1210 300 1263 qua
314 1192 531 1246 consuetudinem
543 1192 628 1260 stupri
637 1191 774 1246 habuerat.
814 1195 863 1247 lle-

61 1267 137 1321 diens
148 1266 483 1330 indeCaesarPharnaoem,
496 1265 653 1320 Mithridatis
664 1266 752 1338 Magni
765 1266 860 1330 filium,

61 1342 109 1413 qui
135 1341 259 1411 Pompeio
280 1341 308 1394 in
330 1339 463 1405 auxilium
486 1339 558 1410 apud
581 1339 743 1393 Thessaliam
768 1339 860 1405 suerat,

61 1413 229 1470 rebellantem
238 1415 265 1468 in
276 1416 366 1479 Ponto,
379 1423 458 1486 atque
468 1414 564 1467 multas
574 1413 664 1484 populi
679 1415 789 1468 Romani
803 1432 864 1484 pro-

62 1489 163 1544 vincias
170 1497 348 1559 occupantem,
356 1489 419 1543 vicit
427 1488 495 1557 acie,
506 1496 595 1560 postea
605 1488 638 1541 ad
649 1497 758 1542 mortem
767 1490 860 1562 co'e'git.

74 1574 198 1618 andra.

64 1561 74 1639 [
116 1637 186 1692 Car.
199 1560 304 1691 ]XXlll.
325 1635 440 1709 (XVlll.)
460 1636 523 1691 lnde
532 1637 642 1690 Romam
652 1654 800 1709 regressus,
814 1645 863 1691 ter-

62 1711 98 1766 tio
107 1728 135 1765 se
145 1711 279 1765 consulem
289 1710 349 1764 fecit
358 1728 419 1764 oum
430 1712 466 1764 M.
478 1711 591 1765 Aemilio
600 1711 707 1780 Lepido,
720 1709 755 1784 [a.
763 1731 788 1766 n.
801 1709 862 1784 toa]

62 1785 110 1857 qui
130 1785 153 1838 ci
172 1784 289 1838 dictatori
308 1785 432 1858 magister
445 1785 566 1854 equitum
580 1792 639 1838 ante
653 1802 754 1838 annum
770 1784 862 1839 iuerat.

62 1858 126 1913 Inde
136 1860 164 1913 in
175 1858 289 1912 Africam
300 1858 429 1930 proiectus
439 1867 487 1923 est,
499 1858 546 1912 ubi
557 1858 659 1912 infinita
669 1858 791 1912 nobilitas
802 1876 862 1912 cum

62 1932 142 1997 lube,
162 1933 333 1987 Mauritaniae
353 1951 427 2006 rege,
448 1932 548 1987 bellum
568 1941 741 2003 reparaverat.
781 1935 863 1987 Duces

62 2013 150 2060 autem
168 2007 279 2061 Romani
298 2014 372 2060 erant
390 2008 419 2061 P.
441 2007 578 2062 Cornelius
597 2007 698 2077 Scipio,
717 2025 750 2060 ex
769 2024 864 2080 genere

62 2080 248 2152 antiquissimo
262 2080 391 2151 Scipionis
402 2080 534 2137 Africani:
556 2082 608 2153 (hic
618 2082 695 2135 etiam
705 2099 777 2135 socer
787 2083 864 2135 Pom-

62 2154 114 2224 peii
129 2154 219 2227 Magni
233 2153 329 2226 iuerat)
343 2156 379 2209 Μ.
394 2156 524 2220 Petreius,
541 2154 573 2221 Q.
590 2157 687 2219 Varus,
704 2156 740 2209 M.
757 2157 863 2210 Porcius

61 2227 138 2292 Cato,
161 2229 193 2282 L.
217 2227 354 2284 Cornelius
371 2229 498 2294 Faustus,
523 2228 612 2283 Sullae
629 2228 760 2282 dictatoris
780 2230 862 2283 filius.

62 2300 158 2356 Contra
170 2301 228 2367 hos,
240 2303 381 2357 commisso
390 2303 497 2374 proelio,
508 2311 566 2374 post
576 2303 673 2357 multas
683 2302 863 2357 dimicationes

62 2374 206 2430 victorinit
215 2376 318 2431 Caesar.
358 2378 429 2442 Cato,
442 2378 538 2449 Scipio,
549 2378 674 2440 Petreius
688 2376 761 2441 luba,
775 2378 825 2447 ipsi
836 2395 864 2432 se

61 2449 222 2576 peniderunt.
260 2451 389 2516 Faustus,
401 2452 517 2523 Pompeii
530 2468 623 2523 gener,
640 2450 773 2506 aCaesare
785 2453 865 2506 inter-

72 2532 144 2578 antus
154 2531 203 2578 est.

116 2596 188 2654 Car.
203 2597 302 2652 XXIV.
318 2597 412 2671 (XIX.)
431 2599 492 2652 Post
500 2615 601 2653 annum
613 2595 648 2672 [a.
659 2618 685 2653 u.
697 2595 759 2673 702]
770 2599 864 2653 Caesar

62 2671 173 2726 Romam
188 2688 336 2743 regressus,
353 2680 446 2743 quarto
460 2689 488 2727 se
502 2671 637 2727 consulem
651 2671 724 2737 iecit,
739 2680 764 2726 ct
775 2674 864 2726 statim

62 2745 95 2799 ad
108 2745 249 2816 Hispanias
258 2754 296 2799 est
306 2746 449 2816 proiectus3
470 2747 518 2801 ubi
529 2747 646 2817 Pompeii
656 2747 713 2811 filii,
727 2746 828 2800 Cnaeus
839 2753 864 2800 et

62 2818 171 2884 Sextus,
196 2819 290 2890 ingens
311 2819 411 2875 bellum
434 2829 626 2890 reparaverant.
664 2819 746 2874 Multa
766 2820 864 2889 proelia

62 2891 183 2960 fuerunt3
209 2892 334 2947 ultimum
356 2895 427 2966 apud
446 2893 574 2949 Mundam
593 2894 737 2958 civitatem,
763 2894 864 2964 inquo

62 2967 127 3023 adeo
140 2965 236 3023 Caesar
250 2983 331 3036 paene
345 2969 430 3024 victus
443 2976 495 3032 eat,
511 2977 554 3032 ut,
572 2967 734 3040 fugientibus
749 2968 820 3032 suis,
836 2985 864 3022 se

63 3040 176 3097 voluerit
188 3040 317 3108 occidere,
334 3061 366 3098 ne
382 3051 440 3116 post
453 3049 552 3098 tantam
561 3043 598 3096 rei
609 3041 730 3096 militaris
740 3042 869 3114 gloriam,

619 3141 678 3185 Μ
