1906 3330
363 619 479 666 ursan
500 621 546 667 111.
642 599 643 604 ’
815 617 848 671 27

110 719 181 776 Cer.
200 719 288 774 XXII.
309 720 427 785 Interim,
443 718 588 774 Hannibale
601 721 720 776 veniente
734 722 766 776 ad
779 722 848 776 diri·

57 812 123 861 cam,
137 812 190 866 pax
200 795 300 848 turbata
310 801 357 859 est,
370 794 451 849 multa
461 795 565 849 hostilia
575 794 608 848 ab
617 793 687 850 Afris
696 795 761 850 iacta
770 806 846 854 sunt:

57 868 134 944 legati
147 880 233 923 tamen
243 886 333 923 eorum
342 886 375 923 ex
385 869 450 923 urbe
459 869 603 935 venientes,
620 871 768 925 aRomanis
781 873 849 942 capti

57 952 133 1009 sunt,
145 951 183 1008 et,
194 943 299 997 iubente
308 942 441 1014 Scipione,
453 942 566 998 dimissi.
605 945 733 999 Hannibal
743 963 848 1017 quoque

57 1017 237 1090 frequentibus
252 1017 356 1088 proeliis
367 1019 450 1072 victus
463 1018 619 1089 aScipione,
631 1021 694 1090 petit
703 1020 780 1073 ctiam
793 1021 849 1090 ipse

57 1111 157 1165 pacem.
189 1091 256 1147 Cum
265 1101 373 1146 ventum
383 1101 449 1146 esset
458 1092 491 1146 ad
501 1092 669 1164 colloquium,
682 1094 774 1147 iisdem
787 1112 849 1148 con-

57 1167 202 1223 ditionibus
222 1166 280 1220 data
298 1175 349 1231 est,
371 1166 470 1238 quibus
488 1167 575 1237 prius;
596 1167 683 1221 addita
697 1168 848 1240 quingentis

57 1242 177 1297 millibus
191 1241 277 1312 pondo
293 1242 392 1314 argenti
405 1241 425 1296 C
438 1240 520 1295 millia
534 1241 673 1306 librarum,
690 1250 792 1313 propter
802 1261 849 1296 no-

59 1335 118 1372 vam
133 1315 279 1388 perfidiam.
318 1315 577 1388 Carthaginiensibus
587 1315 745 1371 conditiones
756 1316 849 1388 displi-

59 1399 181 1454 cuerunt,
197 1389 562 1462 iusseruntqueHannibalem
571 1409 699 1464 pugnare.
738 1390 849 1446 Iniertur

60 1484 75 1520 a
93 1465 213 1536 Scipione
232 1472 257 1518 et
275 1465 425 1529 Masinissa,
447 1463 498 1518 alio
517 1483 577 1539 rege
596 1465 785 1530 Numidarum,
801 1467 848 1537 qui

60 1539 199 1595 amicitiam
221 1556 282 1593 cum
304 1539 423 1611 Scipione
440 1537 545 1603 lecerat,
570 1540 719 1613 Carthagini
737 1540 847 1595 bellum.

58 1613 148 1688 (XIII.)
167 1612 297 1668 Hannibal
316 1623 367 1669 tres
384 1613 557 1685 exploratores
576 1614 609 1668 ad
622 1615 751 1686 Scipionis
767 1625 849 1669 castra

59 1689 143 1753 misit,
158 1706 226 1760 quos
241 1696 327 1759 captos
341 1688 428 1760 Scipi0
441 1689 600 1743 circumduci
613 1706 658 1759 per
669 1697 751 1743 castra
763 1690 847 1754 iussit,

59 1763 211 1834 ostendique
225 1763 262 1817 eis
277 1771 358 1818 totum
371 1763 525 1830 exercitum3
546 1780 608 1817 mox
621 1764 698 1817 etiam
709 1764 849 1833 prandium

58 1838 114 1893 dari
127 1837 290 1908 dimittique,
307 1847 337 1893 ut
345 1838 526 1892 renunciarent
535 1837 688 1901 Hannibali,
702 1854 770 1909 quae
779 1838 849 1909 apud

58 1914 187 1970 Romanos
197 1912 333 1967 vidissent.

111 1987 181 2043 Cen.
210 1987 308 2043 XXIII.
338 1989 435 2042 Interea
454 1985 582 2058 proelium
602 1987 637 2041 ab
656 1993 766 2058 utroque
785 1986 851 2041 duce

59 2061 215 2117 instructum
230 2069 281 2127 est,
296 2060 374 2133 quale
383 2061 430 2117 vin
439 2062 492 2117 ulla
503 2062 626 2116 memoria
636 2059 699 2125 luit,
711 2079 772 2115 cum
782 2062 852 2132 peri-

58 2137 154 2192 tissimi
173 2136 223 2190 viri
242 2137 329 2208 copias
343 2154 404 2191 suas
418 2137 451 2192 ad
467 2136 567 2191 bellum
580 2136 726 2190 educerent.
765 2135 851 2207 Scipio

59 2210 140 2267 ridor
150 2211 256 2276 recedit,
267 2228 349 2284 paene
361 2211 418 2282 ipso
426 2211 569 2266 Hannibale
579 2219 664 2281 capto,
676 2210 722 2282 qui
733 2210 850 2280 primum

59 2300 119 2343 mm
134 2285 226 2340 multIs
235 2287 382 2357 equitibus,
398 2285 491 2340 deinde
500 2303 561 2339 cum
571 2286 637 2349 XX,
651 2292 780 2355 postremo
789 2301 850 2338 cum

59 2370 171 2434 quatuor
185 2361 276 2415 evasit.
315 2362 422 2415 Inventa
436 2361 463 2414 in
476 2360 567 2414 castris
582 2358 735 2413 Hannibalis
751 2359 851 2431 argenti

58 2435 145 2508 pondo
158 2435 213 2491 XX
226 2435 322 2501 millia,
337 2435 393 2489 auri
407 2435 521 2498 LXXX,
537 2442 618 2488 cetera
632 2431 799 2505 supellectilis
809 2450 852 2487 co-

79 2511 141 2565 'osa
180 2511 240 2564 Post
258 2509 286 2563 id
303 2517 431 2564 certamen
450 2527 502 2580 pax
516 2525 577 2563 cum
592 2508 851 2580 Carthaginiensibus

58 2526 124 2640 llru
133 2592 181 2639 est.
197 2582 306 2658 [numm
314 2581 330 2658 .]
348 2583 434 2654 Scipio
445 2586 552 2637 Romam
563 2583 647 2646 rediit,
660 2583 758 2655 ingenti
769 2581 850 2654 gloria

59 2659 245 2731 triumphavit,
265 2665 343 2730 atque
357 2657 494 2712 Africanus
514 2676 546 2712 ex
565 2656 732 2728 coappellari
747 2664 852 2726 coeptus

61 2740 108 2788 est.
144 2735 239 2788 Finem
253 2733 348 2804 accepit
361 2733 506 2787 secundum
521 2732 648 2786 Punicum
663 2731 776 2794 bellum,
794 2735 852 2800 post

60 2824 160 2864 mcum
169 2808 311 2880 septimum
320 2807 461 2872 decimum,
472 2824 553 2879 quam
562 2812 687 2878 coeperat.

343 3048 568 3076 ...ι-ψ-

448 3164 471 3205 0
